1774 3002
286 93 349 142 64
898 96 1092 140 zosnlss

284 212 356 251 τοῦ
375 225 415 250 τε
441 208 506 250 καὶ
528 211 600 262 τῆς
618 211 697 251 τῶν
716 208 869 250 παίδων
887 205 1050 264 μητρός.
1105 206 1339 263 ἀποβλέπων
1362 207 1406 251 δέ
1426 209 1481 259 εἲς
1498 207 1543 251 τὸ
1564 225 1709 265 ’repom--

284 274 476 331 νόβλητον
495 275 618 326 ἄλσος
635 273 788 318 ἀκούειν
808 282 943 332 φωνῆς
963 275 1104 327 ἔδοξεν,
1140 275 1303 332 ἀπάγειν
1321 278 1376 326 εἷς
1395 275 1586 334 Τάραντα
1601 278 1708 332 ἔγκε-

286 345 495 398 λευομένης
517 344 568 385 τὰ
591 345 725 394 τέκνα,
764 343 916 386 κάκεῖσε
937 343 1192 400 θερμήναντα
1210 348 1281 387 τοῦ
1303 345 1500 400 Τιβέρεως
1515 343 1624 400 ὕδωρ
1645 345 1707 385 ἐπὶ

286 417 358 466 τῆς
367 411 501 454 Ἅιδου
521 413 585 454 καὶ
597 409 856 467 Περσεφόνης
872 411 1045 468 ἐσχάρας
1063 419 1144 462 τοῖς
1160 414 1271 454 παισὶ
1288 413 1423 454 δοῦναι
1439 417 1551 454 πιεῖν.
1583 415 1709 454 ταῦτα

288 478 462 529 ἀκούσας
470 511 483 530 ,
529 478 616 522 τότε
650 479 699 534 δὴ
734 480 850 520 πλέον
878 480 949 534 τὴν
978 484 1056 522 τῶν
1084 482 1236 522 παίδων
1263 481 1460 537 σωτηρίαν
1489 477 1740 533 ἂπήλπισε·5

290 545 482 604 Τάραντά
516 565 556 590 τε
588 547 664 602 γὰρ
695 545 832 603 πόρρω
861 565 936 589 που
970 552 1041 602 τῆς
1065 548 1235 597 Ἰταλίας
1255 545 1352 589 εἶναι
1361 579 1374 599 ,
1416 548 1480 589 καὶ
1511 547 1582 588 οὔκ
1604 545 1652 588 ἄν
1670 547 1711 587 ἓν

285 614 411 671 ταύτῃ
442 619 513 658 τοῦ
533 619 730 670 Τιβέρεως
758 614 1154 672 ὕδωρ-φανήσεσθαι.
1221 613 1371 657 διδόναι
1396 615 1439 656 δὲ
1462 614 1571 671 αὐτῷ’
1589 631 1712 668 πονη-

288 683 363 739 ρὰν
384 685 523 725 ἐλπίδα
544 685 608 724 καὶ
631 683 675 724 τὸ
694 687 892 738 θερμῆναι
913 683 957 725 τὸ
976 683 1086 740 ὕδωρ
1115 685 1176 724 inl
1203 687 1346 736 βωμοῦ
1368 683 1545 736 χθονίων
1569 679 1713 735 δαιμό·

286 768 365 792 νων
389 751 568 792 ἀκοῦσαι.
637 750 708 804 (2)
737 751 798 791 ἐπὶ
820 749 973 798 τούτοις
993 750 1276 807 ἀπορησάντων
1295 753 1360 792 καὶ
1380 755 1459 792 τῶν
1477 747 1714 806 τερατοσκό-

287 835 372 860 πων
382 850 395 870 ,
441 813 563 867 αὖθις
582 817 807 871 πυθόμενος
827 818 924 873 ἴγνω
946 821 1025 860 δεῖν
1045 823 1101 875 τῷ
1122 823 1208 875 θεῷ
1227 820 1464 868 πείθεσθαι,
1499 818 1566 858 καὶ
1587 818 1715 870 ἓμβα-
1725 823 1769 857 10

288 885 369 927 λών
399 887 523 942 πλοίῳ
542 887 723 942 ποταμίῳ
750 886 801 928 τὰ
824 886 938 927 τέκνα
958 885 1150 941 κατήγαγε
1173 886 1218 928 τὸ
1236 890 1329 942 πῦρ.
1396 882 1644 927 ἔκθανόντων
1673 884 1716 925 δὲ

290 953 421 995 αὐτῶν
439 951 516 994 ὑπὸ
533 951 726 1006 καύματι,
765 952 893 1010 τούτῳ
926 955 1134 1010 προσέπλει
1162 958 1232 1008 τῆς
1253 953 1383 1007 ὄχθης
1403 957 1460 1009 τῷ
1480 952 1589 1008 με’ρει
1610 950 1714 993 καθ’

289 1020 313 1062 ὃ
333 1021 378 1063 τὸ
399 1025 470 1062 τοῦ
489 1025 671 1074 ποταμοῦ
689 1021 849 1077 ῥεῖθρον
869 1022 1058 1077 ἠρεμαῖον
1079 1020 1217 1063 ε’ὁόκει.
1284 1019 1438 1076 καλῦβῃ
1471 1020 1514 1062 δὲ
1534 1019 1717 1073 ποιμένος

288 1090 535 1138 ἕναυλισθεὶς
567 1087 652 1142 ἅμα
679 1095 762 1138 τοῖς
794 1091 928 1130 παισὶν
957 1089 1074 1144 ἤκουε
1103 1088 1350 1144 κατάγεσθαι
1379 1090 1458 1130 δεῖν
1486 1088 1527 1129 ἓν
1547 1091 1605 1144 τῷ
1628 1084 1712 1128 Τά-

290 1174 402 1211 ραντι
414 1170 426 1181 ·
460 1154 607 1210 ταύτην
623 1156 700 1212 γὰρ
721 1154 819 1209 εἶχεν
836 1155 855 1197 ὃ
872 1155 991 1207 τόπος
1005 1158 1284 1214 προσηγορίαν,
1305 1160 1362 1213 τῷ
1378 1155 1481 1197 κατὰ
1499 1154 1571 1210 τὴν
1592 1152 1718 1210 ἄκραν
1729 1157 1772 1195 15

285 1225 488 1279 Ἰαπυγίαν
508 1222 718 1277 ὁμώνυμος
742 1223 796 1265 ὢν
819 1223 1010 1280 Τάραντι,
1077 1223 1353 1280 προσκυνήσας
1375 1218 1445 1265 οὖν
1468 1223 1531 1264 ἐπὶ
1551 1226 1600 1278 τῇ
1624 1239 1717 1264 συν-

290 1293 407 1349 τυχία
432 1292 475 1333 τὸ
500 1295 612 1332 θεῖον
631 1289 652 1331 ὃ
680 1292 896 1340 Οὖαλέσιος
916 1294 977 1332 ε’πὶ
999 1291 1070 1346 τὴν
1089 1293 1234 1347 χέρσον
1254 1291 1401 1333 ὀκεῖλαι
1421 1294 1477 1347 τῷ
1501 1287 1719 1346 κυβερνήτῃ

291 1359 551 1415 προσέταττε,
586 1361 651 1399 καὶ
681 1358 838 1411 ἀποβὰς
866 1366 948 1408 τοῖς
978 1360 1157 1412 ποιμέσιν
1182 1360 1339 1408 ἐξεῖπεν.
1406 1355 1655 1414 ἀρυσάμενος
1677 1356 1722 1398 δὲ

292 1429 334 1468 ἐκ
358 1431 428 1468 τοῦ
451 1424 685 1480 Θύμβριὸος
701 1424 833 1482 ὕδωρ,
876 1428 941 1468 καὶ
965 1431 1080 1468 τοῦτο
1102 1425 1307 1483 θερμήνας
1329 1427 1396 1468 ἐπί
1412 1441 1517 1475 τινος
1533 1424 1636 1470 κατὰ
1652 1423 1721 1466 τὸν

290 1493 413 1536 τόπον
440 1492 510 1534 ὑπ’
548 1494 673 1535 αὐτοῦ
703 1494 962 1548 πεποιημένης
984 1492 1177 1550 ἐσχάρας,
1212 1493 1330 1536 ἔδωκε
1348 1500 1448 1534 πιεῖν
1468 1498 1551 1542 τοῖς
1571 1492 1774 1534 namium

293 1563 330 1603 oi
355 1563 397 1603 δὲ
418 1561 503 1615 ἅμα
524 1566 580 1619 τῷ
601 1562 700 1602 πιεῖν
719 1559 843 1602 ὕπνου
863 1562 1172 1618 προσγενομένου
1195 1563 1439 1616 κατέστησαν
1455 1558 1588 1616 ὕγιεῖς.
1622 1558 1722 1616 ὄναρ

383 1723 406 1756 6
427 1718 467 1755 ἐν
484 1721 619 1756 videtur
633 1721 815 1762 abundare.
965 1722 1006 1756 11
1029 1718 1247 1756 ἐκτενόντων
1267 1722 1310 1758 P.
1392 1754 1396 1758 ,
1460 1722 1504 1757 14
1525 1721 1603 1757 δεῖν
1647 1719 1724 1765 δὴῗ

386 1767 537 1802 Valerius
553 1767 717 1801 Maximus
735 1769 913 1801 Terentum
925 1779 939 1808 ,-
978 1766 1034 1810 qui
1057 1766 1150 1802 locus
1173 1773 1224 1801 est
1246 1767 1281 1801 in
1305 1778 1422 1813 campo
1435 1767 1579 1811 Martio,
1622 1779 1642 1801 e
1655 1778 1722 1812 quo

385 1812 458 1857 agit
472 1813 631 1857 Rutgers.
647 1813 729 1847 Var.
743 1813 841 1848 Lcct.
856 1812 879 1848 4
901 1814 954 1848 10.
976 1812 1020 1846 R.
1171 1815 1213 1848 17
1238 1809 1423 1854 Ουίἰλεσος
1444 1812 1520 1847 libri
1540 1815 1620 1847 ante
1633 1812 1678 1847 R.

294 1967 407 1991 rorum
423 1957 498 1991 loco
513 1958 733 2002 pollicebatur
749 1958 933 1991 oblaturum
949 1957 1092 1999 animas,
1123 1967 1214 1991 suam
1240 1956 1398 1991 ‘videlicet
1420 1958 1456 1991 et
1469 1956 1583 1991 matris
1598 1967 1722 1994 comm,

297 2013 436 2046 cumque
454 2003 635 2046 respiceret
649 2004 691 2036 ad
707 2003 815 2036 lucum
832 2003 964 2036 fulmine
979 2008 1105 2036 tactum
1117 2029 1127 2045 ,
1160 2002 1275 2034 audire
1295 2002 1388 2035 visus
1408 2006 1458 2035 est
1471 2013 1588 2036 vocem
1600 2027 1611 2043 ‚
1641 2013 1726 2047 quae

294 2047 424 2080 iuberet
438 2052 475 2080 ut
490 2048 674 2081 Tarentum
691 2059 813 2091 pueros
828 2047 1025 2092 deportaret
1035 2073 1045 2088 ,
1069 2052 1170 2090 atque
1185 2046 1230 2078 ibi
1246 2046 1440 2080 calefactam
1454 2057 1574 2092 aquam
1588 2046 1726 2081 Tiberi-

295 2103 368 2125 nam
387 2092 420 2124 in
438 2091 527 2124 Ditis
542 2093 643 2136 patris
657 2098 691 2125 et
711 2092 930 2135 Proserpinae
954 2093 1029 2125 foco
1056 2091 1167 2136 pueris
1193 2091 1367 2125 bibendam
1385 2091 1493 2126 daret.
1537 2092 1588 2125 bis
1603 2091 1726 2125 auditis

295 2137 401 2180 magis
416 2137 514 2169 etiam
531 2138 572 2170 de
587 2137 690 2170 salute
704 2137 883 2170 liberorum
900 2136 1111 2180 desperabat.
1158 2136 1341 2169 Tarentum
1356 2147 1495 2181 namque
1510 2141 1637 2171 remoto
1653 2137 1726 2170 Ita-

295 2182 361 2215 liae
383 2182 457 2214 loco
481 2181 579 2215 situm
603 2193 695 2222 esse,
731 2193 792 2214 nec
805 2182 850 2214 ibi
865 2181 1054 2214 Tiberinum
1078 2191 1196 2226 aquam
1223 2192 1260 2214 se
1283 2187 1511 2225 reperturum;
1548 2187 1727 2235 praeterea

297 2238 389 2272 spem
405 2238 470 2259 non
485 2227 603 2260 bonam
619 2232 654 2259 et
671 2226 749 2259 illud
765 2226 827 2259 sibi
844 2228 1026 2271 praebere,
1058 2227 1145 2270 quod
1169 2236 1287 2270 aquam
1308 2226 1340 2258 in
1366 2237 1423 2260 ara
1436 2227 1531 2260 deum
1547 2228 1726 2260 inferorum

299 2271 554 2306 calefaciendam
571 2271 763 2306 audivisset.
808 2277 843 2304 et
866 2283 939 2304 cum
964 2272 1007 2304 ob
1035 2272 1118 2304 haec
1138 2271 1256 2303 incerti
1281 2270 1377 2304 etiam
1396 2271 1587 2316 haruspices
1601 2278 1727 2315 essent,

295 2317 410 2351 iisdem
425 2326 538 2349 rursus
551 2317 671 2349 auditis
687 2316 752 2349 deo
767 2316 947 2360 parendum
962 2316 1088 2350 statuit.
1133 2316 1248 2359 itaque
1265 2315 1423 2350 coniectis
1447 2317 1480 2350 in
1497 2316 1626 2350 lintrem
1643 2316 1730 2350 libe-

297 2362 354 2404 ris,
377 2362 485 2405 ignem
500 2362 645 2394 secundo
663 2361 794 2394 flumine
809 2361 937 2395 detulit.
978 2361 1057 2405 ipsis
1072 2366 1179 2394 autem
1195 2365 1289 2393 aestu
1306 2361 1379 2394 fere
1392 2361 1576 2398 exstinctis,
1593 2361 1636 2395 ad
1655 2372 1728 2394 earn

297 2408 395 2452 ripae
419 2411 545 2451 partem
569 2407 791 2449 adnavigabant
813 2418 878 2450 qua
903 2410 998 2451 parte
1024 2412 1131 2439 motus
1154 2405 1296 2438 fluminis
1317 2406 1522 2451 tranquillior
1545 2406 1727 2440 videretur.

299 2463 439 2496 cumque
463 2451 674 2497 pastoricium
699 2451 859 2495 quandam
884 2451 917 2484 in
937 2463 1046 2484 casam
1062 2463 1134 2484 cum
1151 2450 1262 2494 pueris
1277 2451 1483 2489 divertisset.
1516 2450 1658 2484 'Tarenti
1671 2461 1735 2484 ca-.

298 2497 453 2542 piendum
469 2509 544 2531 esse
559 2497 736 2542 hospitium
752 2496 898 2529 audivit:
919 2497 1001 2529 haec
1017 2496 1102 2528 enim
1116 2496 1180 2529 loci
1195 2496 1265 2529 eius
1279 2501 1353 2528 erat
1368 2495 1560 2540 appellatio,
1577 2496 1729 2529 Tarento

297 2547 438 2586 propter
463 2542 638 2586 lapygium
661 2541 919 2585 promontorium
942 2542 1007 2574 sito
1032 2541 1244 2584 cognominis.
1291 2546 1498 2585 quapropter
1515 2541 1558 2573 ob
1574 2546 1730 2574 eventum

299 2587 429 2621 felicem
444 2591 576 2620 numine
594 2586 745 2619 Valesius
761 2586 899 2619 adorato
914 2612 923 2628 ‚
956 2585 1170 2629 gubernatori
1197 2585 1331 2618 mandat
1354 2589 1392 2618 ut
1416 2585 1525 2618 navim
1550 2585 1590 2617 ad
1605 2591 1730 2618 terram

300 2632 470 2676 appellat,
503 2637 538 2666 et
562 2643 716 2675 egressus
741 2643 811 2665 rem
837 2631 1026 2676 pastoribus
1049 2631 1215 2676 exposuit.
1263 2640 1401 2674 cumque
1417 2630 1564 2663 haustam
1581 2642 1600 2662 e
1614 2631 1647 2663 Τ
1648 2629 1732 2663 iberi

301 2687 419 2720 aquam
438 2677 471 2711 in
487 2677 629 2722 quodam
645 2678 741 2717 foco,
768 2677 811 2710 ab
829 2688 866 2709 se
881 2676 914 2709 id
929 2676 991 2709 loci
1009 2677 1117 2718 sacto,
1141 2675 1369 2716 calefecisset,
1400 2685 1471 2707 eam
1486 2675 1598 2718 pueris
1613 2674 1731 2708 biben-

300 2721 375 2755 dam
388 2722 503 2766 dedit3
527 2734 595 2768 qua
609 2722 656 2757 illi
671 2726 774 2769 pota,
795 2721 909 2767 quiete
923 2721 1046 2767 sopiti,
1068 2723 1320 2756 consanueruut.
1365 2730 1504 2766 cumque
1519 2719 1680 2754 vidissent
1694 2718 1731 2752 iu
