1812 3016
402 82 842 128 COMMENTARIUS
876 83 1224 129 HISTORICUS.
1439 85 1534 133 353

103 190 228 243 sugit,
266 197 384 243 atque
413 191 631 230 confitendo
658 193 848 244 flagitiosa
879 193 983 232 facta
1010 194 1333 246 maiestatemque
1367 194 1535 232 submit-

102 246 221 284 tendo
246 247 450 285 flaminum
476 251 695 300 praeceptis
721 250 962 287 lustrationis
989 249 1037 286 ab
1065 251 1113 287 iis
1131 252 1244 300 petiit
1264 251 1534 287 caerimonias.

102 300 245 340 deinde
262 302 481 342 sacerdotes
503 317 599 356 quos
618 303 739 353 adiit,
779 318 1008 356 responsum
1033 306 1069 342 ei
1096 307 1274 358 quamvis
1291 305 1533 356 imprudens,

101 359 247 396 iustum
274 365 406 396 tamen
436 367 475 397 et
501 359 550 397 de
574 361 659 399 iure
682 361 896 413 ritibusque
922 362 1159 398 lustrationis
1179 360 1383 398 dederunt.
1438 374 1532 398 nam

100 415 171 466 qui
190 415 417 453 criminibus
435 416 700 463 atrocioribus,
730 417 851 454 veluti
871 415 1079 468 parricidio
1105 418 1330 467 sacrilegio,
1359 418 1532 468 pollutos

98 467 288 507 habereut
308 472 472 519 animos,
502 472 550 508 iis
566 472 697 509 nullus
715 479 796 509 erat
814 473 1048 523 expiationis
1067 471 1219 519 modus,
1240 486 1328 510 cum
1349 486 1400 509 ex
1417 480 1533 510 vetu-

99 531 160 564 sto
187 538 295 563 more
321 539 391 564 seu
421 527 550 577 potius
569 540 622 565 ex
639 535 770 565 mente
790 527 1029 579 prudentum
1050 526 1276 575 hominnm,
1306 530 1374 580 qui
1394 530 1532 579 priscis

97 581 339 632 temporibus
362 582 497 633 legum
523 583 562 619 vi
581 584 926 636 institutorumque
944 583 1159 622 commodis
1178 583 1228 621 ad
1244 582 1531 621 humanitatem

99 649 123 674 a
139 637 222 678 fera
239 638 482 689 immanique
502 639 580 676 vita
599 639 781 677 barbaras
804 646 939 690 gentes
957 638 1213 686 deduxerant,
1235 646 1318 677 tum
1336 653 1388 677 ex
1407 641 1531 691 ipsius

95 693 270 731 Platonis
287 695 490 741 sententia,
521 707 640 746 quam
660 697 850 732 seriorum
873 702 1043 732 aetatum
1061 694 1262 743 homines,
1293 695 1420 733 studio
1437 694 1531 746 phi-

95 747 298 799 losophiae
319 750 542 787 Platonicae
564 749 707 798 dediti,
737 764 815 788 nou
847 751 1057 789 adscivisse
1087 750 1204 788 modo
1237 750 1308 789 sed
1337 753 1530 789 severiore

97 805 216 842 etiam
240 805 371 856 aliqua
399 806 716 857 interpretatione
745 808 800 844 ita
825 808 1061 858 explicuIsse
1083 806 1288 854 videntur,
1326 814 1369 844 ut
1398 808 1532 844 crimi-

94 872 194 898 num
220 872 320 912 quae
352 863 504 911 expiari
531 869 690 912 possent
719 875 883 900 numero
909 864 1140 910 imminuto,
1178 865 1359 913 pauciora
1378 868 1532 900 tantum

94 915 323 953 lustratione
343 917 429 954 tolli
454 925 654 955 censerent
673 916 741 968 (cf.
761 917 976 969 Spanhem.
999 917 1050 955 ad
1071 919 1211 955 Iulian.
1232 930 1272 969 p.
1291 917 1405 967 259).
1435 917 1531 970 quid

94 972 215 1021 igitur
231 970 279 1009 de
303 972 521 1010 Sozomeno
548 976 567 1013 1
599 976 623 1015 3
655 972 796 1021 dicam,
827 976 954 1026 quint
970 974 1210 1011 lustrationis
1231 986 1254 1010 a
1276 974 1530 1011 Constantino

92 1028 312 1077 postulatae
333 1034 371 1064 et
391 1041 482 1065 cum
498 1041 542 1066 eo
560 1042 638 1066 non
659 1032 966 1067 commmiicatae
988 1030 1134 1066 samam
1153 1031 1255 1066 inter
1272 1029 1438 1079 gentiles
1463 1043 1531 1067 ce-

92 1083 244 1120 lebrem
276 1083 437 1132 refutet,
478 1085 687 1122 Herculem
715 1087 893 1136 quamvis
921 1084 1052 1123 caedis
1078 1098 1184 1122 noxa
1210 1086 1530 1133 contaminatum,

91 1138 333 1177 lustrationis
362 1146 494 1177 tamen
523 1142 633 1191 copia
658 1141 758 1178 facta
783 1143 986 1193 expiatum
1003 1141 1124 1178 fuisse
1146 1141 1302 1189 obiicit,
1342 1153 1466 1192 eaque
1487 1154 1530 1178 re

92 1196 271 1232 convinci
290 1196 456 1246 gentiles
480 1195 675 1233 mendacii
693 1196 833 1247 putat?
890 1196 998 1249 quod
1024 1196 1185 1248 quidem
1207 1197 1436 1247 exemplum
1459 1198 1530 1234 vix

91 1251 303 1302 quicquam
319 1258 450 1302 potest
466 1251 517 1288 ad
533 1251 829 1289 convenendam
850 1253 998 1290 Zosimi
1019 1252 1138 1290 fidem
1157 1251 1303 1290 habere
1323 1254 1527 1301 momenti,

91 1318 181 1343 cum
194 1319 272 1343 non
292 1305 410 1344 modo
432 1305 480 1344 de
496 1307 737 1346 lustrationis
754 1322 828 1346 usu
847 1306 1028 1346 homines
1047 1309 1263 1359 priscorum
1283 1314 1321 1344 et
1338 1309 1528 1345 seriorum

89 1368 312 1413 temporum
338 1361 492 1401 diversa
523 1365 735 1411 senserint,
775 1377 913 1401 verum
944 1365 1062 1401 etiam
1082 1378 1143 1402 res
1163 1367 1248 1414 ipsa
1270 1370 1309 1400 et
1328 1376 1444 1401 causa
1462 1365 1528 1400 ni-

87 1419 165 1455 mis
195 1417 328 1469 dispar
347 1419 410 1456 sit.
468 1425 640 1456 ceterum
663 1420 698 1456 si
722 1433 858 1456 verum
890 1428 990 1458 esset
1021 1419 1127 1471 quod
1151 1419 1259 1457 idem
1285 1420 1527 1457 Sozomenus

88 1472 218 1522 addit,
248 1474 396 1511 samam
408 1474 646 1512 increbuisse
665 1476 767 1512 inter
783 1477 970 1526 gentiles,
1001 1476 1300 1513 Constantinum
1319 1477 1479 1526 petiisse
1502 1488 1527 1513 a

87 1529 252 1580 Sopatro
275 1528 512 1581 philosopho
531 1538 574 1568 ut
594 1531 851 1568 lustrarentur
871 1534 1033 1568 crimina
1053 1544 1074 1568 a
1096 1545 1138 1569 se
1163 1533 1389 1579 commissa,
1430 1544 1527 1568 con-

86 1590 206 1623 staret
220 1588 319 1623 ratio
337 1587 468 1637 aliqua
488 1586 702 1637 probabilis
723 1586 936 1637 denegatae
956 1588 1215 1636 expiationis:
1239 1600 1290 1623 ex
1308 1587 1525 1636 praeceptis

86 1642 191 1678 enim
227 1639 500 1692 philosophiae
530 1642 755 1678 Platonicae
799 1641 891 1679 dare
932 1643 1203 1680 lustrationem
1235 1642 1380 1692 piaculi
1418 1642 1524 1679 illius

87 1698 225 1734 atrocis
245 1698 411 1747 Sopater
432 1710 509 1734 uon
530 1699 671 1747 potuit.
730 1704 769 1734 at
792 1699 825 1734 si
846 1698 959 1735 nobis
977 1698 1192 1747 largiantur
1215 1703 1525 1748 propugnatores

85 1752 330 1790 Constantini
348 1759 386 1789 et
401 1755 566 1803 petitam
581 1753 629 1789 ab
651 1766 697 1790 eo
714 1753 984 1790 lustrationem
1003 1759 1040 1790 et
1060 1752 1293 1803 denegatam
1309 1766 1331 1790 a
1351 1753 1524 1790 flamini-

83 1807 159 1845 bus
183 1821 290 1855 esse,
327 1821 406 1845 non
436 1821 560 1859 aeque
580 1815 713 1845 tamen
734 1809 869 1846 faciles
890 1815 1003 1846 erunt
1022 1810 1064 1844 in
1080 1807 1332 1846 admittendis
1353 1809 1402 1845 iis
1421 1821 1523 1860 quae

85 1862 135 1900 (le
168 1864 359 1914 religione
393 1862 612 1901 Christiana
649 1877 739 1900 cum
764 1866 999 1915 imperatore
1031 1866 1315 1903 communicata
1341 1865 1522 1902 Zosimus

85 1918 201 1967 dixit,
231 1926 270 1956 et
288 1920 433 1957 falsum
451 1918 548 1970 quid
562 1921 681 1971 inque
698 1921 942 1970 imperatoris
963 1919 1154 1957 invidiam
1169 1921 1303 1957 fictum
1321 1932 1405 1957 esse
1425 1933 1521 1956 con—

82 1974 268 2023 tendent,
305 1974 414 2027 quod
442 1977 718 2012 Constantinus
738 1978 934 2027 Aegyptio
965 1975 1135 2028 quodam
1166 1983 1343 2023 auctore,
1391 1977 1459 2027 qui
1482 1977 1519 2012 ei

81 2031 305 2068 innotuerat
321 2045 392 2082 per
408 2032 658 2069 mulierculas
691 2034 841 2082 regias,
882 2045 951 2083 spe
976 2033 1079 2069 facta
1104 2034 1217 2070 novis
1241 2033 1359 2069 sacris
1390 2030 1521 2068 adsci-

81 2085 238 2124 scendis
258 2087 406 2124 aboleri
424 2089 709 2139 qualiacunque
733 2089 915 2135 crimina,
946 2086 1098 2125 Christo
1119 2087 1273 2126 dedisse
1296 2087 1416 2124 fldem
1438 2088 1519 2123 fer-

83 2149 168 2180 tur:
195 2143 238 2179 in
261 2143 513 2181 Constantino
533 2149 678 2190 tamen,
698 2141 857 2180 homine
875 2143 992 2180 modo
1008 2144 1225 2181 facinoroso
1244 2143 1362 2180 modo
1379 2155 1518 2193 super-

81 2199 247 2246 stitioso,
275 2211 356 2236 non
371 2199 614 2246 mirabimur,
644 2200 679 2235 si
696 2212 776 2235 non
797 2201 899 2236 veris
919 2200 1048 2237 cultus
1068 2198 1377 2237 Christianorum
1394 2197 1518 2234 divini

81 2254 297 2291 rationibus
309 2283 320 2301 ,
358 2254 430 2291 sed
447 2267 539 2292 casu
556 2255 688 2306 aliquo
707 2255 866 2292 fortuito
888 2262 927 2292 et
943 2268 1058 2292 causa
1077 2268 1157 2292 non
1176 2257 1269 2293 satis
1286 2254 1448 2292 honesta
1468 2252 1520 2289 ad

82 2322 176 2346 eum
196 2309 513 2360 amplectendum
530 2311 605 2347 suit
628 2309 831 2358 adductus,
861 2317 941 2359 aut,
969 2312 1004 2349 si
1024 2313 1106 2348 iam
1123 2318 1211 2349 ante
1231 2313 1271 2348 in
1291 2323 1381 2347 eum
1398 2309 1516 2345 incli-

80 2371 173 2402 nato
203 2372 285 2402 erat
311 2367 463 2414 animo,
501 2373 628 2403 totum
653 2379 695 2404 se
715 2364 944 2404 Christianis
972 2366 1140 2404 addixit.
1194 2368 1321 2417 potuit
1340 2364 1515 2401 doctrina

79 2421 151 2458 illa
166 2421 327 2470 vulgata
342 2422 446 2458 inter
466 2420 662 2469 ethnicos,
701 2423 952 2472 amplectenti
967 2422 1087 2460 fidem
1106 2421 1250 2460 Christi
1271 2421 1397 2458 omnis
1419 2432 1516 2470 pec-

81 2482 257 2512 catorum
274 2479 428 2526 generis
443 2479 599 2514 veniam
617 2478 715 2526 fieri,
744 2479 799 2515 ita
820 2492 904 2516 esse
926 2479 1066 2516 efficax
1091 2477 1142 2515 ad
1159 2490 1320 2527 aegrum
1341 2478 1515 2526 impera-

79 2533 174 2569 toris
193 2533 371 2569 animum
384 2532 617 2582 levandum,
654 2540 698 2570 ut
724 2536 877 2584 cognita
905 2547 950 2571 ea
976 2547 998 2571 a
1015 2533 1245 2571 Christianis
1270 2532 1345 2569 sibi
1363 2536 1514 2581 peteret

80 2588 275 2624 auxilimn
294 2596 505 2638 speratum,
535 2597 603 2626 aut
620 2590 761 2627 saltem
779 2592 1012 2641 propensior
1031 2591 1071 2626 in
1090 2602 1155 2626 eos
1178 2601 1296 2640 quam
1320 2594 1409 2624 ante
1432 2592 1514 2623 erat

78 2642 202 2680 fieret.
257 2656 386 2695 neque
414 2646 542 2696 magis
566 2645 614 2681 ab
645 2647 754 2682 omni
779 2647 1053 2697 probabilitate
1087 2645 1259 2680 alienum
1287 2650 1354 2680 aut
1380 2655 1452 2693 per
1469 2654 1512 2678 se

76 2697 224 2746 falsum
245 2706 372 2749 potest
399 2699 500 2750 dici,
539 2699 647 2753 quod
667 2703 884 2753 Aegyptius
905 2700 1067 2753 quidam
1086 2700 1339 2737 Constantino
1359 2698 1513 2749 ample-

132 2757 299 2793 Zosimus.
1185 2757 1239 2797 23
