1812 3016
313 82 337 129 1
347 81 410 129 10
930 86 1126 130 ZOSIMI

306 195 422 252 τέρου
453 190 585 239 τοίνυν
610 193 784 254 κήρυκας
811 198 899 256 περὶ
924 197 1069 242 τούτου
1085 193 1088 196 ⁴
1102 199 1205 257 πρὸς
1229 201 1483 258 Βετρανίωνα
1513 203 1738 255 στείλαντος

309 265 431 306 εἵλετο
457 265 720 322 Κωνσταντίῳ
739 265 891 307 θέσθαι
908 271 1063 321 μᾶλλον
1081 266 1108 322 ἢ
1124 270 1376 327 Μαγνεντίῳ.
1441 274 1523 313 τῶν
1543 266 1614 313 οὖν
1631 274 1736 314 Μα-

306 332 478 387 γνεντιόυ
498 332 698 389 πρέσβεων
719 333 1060 391 ἀναχωρησάντων
1084 334 1296 393 ἀπράκτων
1315 340 1521 381 συνελθεῖν
1540 341 1597 389 εἷς
1613 339 1736 382 ταῧτὸ

307 398 357 441 τὰ
380 398 628 456 στρατόπεδα
651 400 929 452 Κωνστάντιος
949 402 1181 460 παρεκάλει,
1211 407 1278 446 καὶ
1304 405 1462 460 σκέμμα
1487 406 1618 448 κοινὸν
1646 409 1736 464 περὶ

307 471 381 508 τοῦ
399 467 500 522 πρὸς
514 469 763 522 Μαγνέντιον
778 474 1023 525 προτεθῆναι
1041 472 1229 526 πολέμου.
1291 474 1568 530 παραχθέντος
1587 474 1632 516 δὲ
1654 477 1727 516 Be·
1743 482 1766 517 ⁵

307 535 520 590 τρανίωνος
537 542 620 584 τοῖς
641 537 920 579 Κωνσταντίου
941 538 1094 594 λόγοις,
1129 541 1190 581 ἐπὶ
1205 537 1388 594 βήματός
1408 558 1514 591 τινος
1528 542 1591 583 ἐπὶ
1607 540 1737 599 τούτῳ

306 603 697 653 κατασκευασθέντος
715 604 926 659 ἀνέβησαν.
991 606 1270 657 Κωνστάντιος
1285 609 1415 650 τοίνυν
1433 608 1566 662 λαχὼν
1581 613 1738 666 πρῶτος

307 671 425 711 εἶπεΐν
460 670 526 711 διὰ
556 671 690 725 γένους
721 671 905 724 ἀξίωσιν,
939 679 1143 727 πανταχοῦ
1162 680 1241 717 τῶν
1260 673 1386 731 λόγων
1402 681 1474 730 τῆς
1493 681 1565 718 τοῦ
1587 677 1738 733 πατρὸς

305 737 564 791 ἀνεμίμνησκε
582 738 675 788 τοὺς
690 739 936 794 στρατιώτας
955 744 1183 798 φιλοτιμίας
1200 745 1365 784 καὶτῶν
1385 742 1514 799 ὅρκων
1535 743 1604 793 οὓς
1626 744 1735 797 ὅμω-

304 803 496 858 μόκασιν,
528 800 554 858 ἦ
583 805 663 859 μὴν
695 805 849 848 εὔνοιαν
876 815 958 858 τοῖς
981 807 1125 851 τούτου
1155 809 1343 866 φυλάξειν
1368 813 1524 862 παισίν,
1557 811 1670 865 ἠξίου
1691 828 1732 853 τε
1746 818 1791 852 10

303 873 362 926 μὴ
395 873 579 927 περιιδεῖν
618 873 757 930 ἀθῷον
799 875 1082 930 ἀναχωροῦντα
1119 878 1388 932 Μαγνὲντιον,
1431 880 1734 921 Κωνσταντίνου

305 939 449 989 παιδὸς
476 938 572 981 ὄντα
602 941 748 996 φονέα,
774 942 874 995 μεθ’
909 938 957 984 οὗ
991 945 1163 994 πολλοὺς
1188 946 1385 998 πολέμους
1413 944 1646 1000 διεπόνησαν
1667 947 1735 988 καὶ

303 1008 506 1061 μεγίσταις
522 1006 772 1062 ἐτιμήθησαν
788 1012 967 1066 δωρεαῖς.
1033 1011 1184 1053 τούτων
1201 1011 1410 1066 ἀκηκοότες
1427 1013 1465 1054 οἱ
1481 1018 1732 1069 στρατιῶται,

304 1076 680 1130 προκατειλημμένοι
710 1093 751 1118 τε
781 1076 925 1134 δώροις
951 1076 1088 1135 ἇδροῖς
1103 1111 1116 1131 ,
1160 1080 1212 1121 τὰ
1238 1081 1408 1134 κίβδηλα
1431 1084 1503 1134 τῆς
1531 1083 1735 1134 βασιλείας

305 1141 518 1196 ἐξεβόησαν
539 1143 852 1199 ἕκκαθαίρεσθαι
863 1176 877 1196 ,
912 1147 977 1187 καὶ
1002 1146 1085 1199 ἅμα
1107 1148 1361 1202 Βετρανίωνα
1383 1151 1455 1201 τῆς
1477 1149 1648 1203 ἐσθῆτος
1667 1149 1786 1190 ἔτι-15

305 1207 494 1258 δύσαντες
523 1208 743 1264 κατήγαγον
771 1213 814 1252 ἐκ
842 1217 916 1254 τοῦ
943 1212 1126 1267 βήματος
1155 1213 1326 1268 ἰδιώτην.
1393 1214 1672 1265 Κωνστάντιος
1690 1216 1736 1257 δὲ

304 1276 420 1318 οὐδὲν
445 1276 565 1333 ἄχαρι
594 1282 739 1319 παθεῖν
763 1278 884 1320 αὐτὸν
907 1279 1168 1336 συγχωρήσας
1186 1282 1317 1322 ἐδίδου
1334 1282 1424 1334 βίον
1445 1281 1555 1339 αὖτῷ
1579 1284 1733 1339 διατρί-

299 1346 414 1396 βοντι
434 1344 537 1385 κατὰ
556 1344 628 1397 τὴν
647 1347 845 1387 Βιθυνίαν
869 1346 1079 1402 ἀρκοῦντα.
1146 1350 1212 1390 καὶ
1237 1348 1354 1402 βιοὺς
1373 1349 1414 1390 ἐν
1434 1347 1560 1406 ταύτῃ
1587 1348 1733 1407 χρόνον

301 1410 375 1452 οὐκ
395 1410 495 1464 ἔχων
512 1410 569 1452 ἔτι
589 1410 805 1467 πράγματα
824 1412 1081 1468 τετελεύτηκε.
1694 1471 1700 1476 .

433 1475 511 1522 45.
581 1477 724 1536 Τούτῳ
753 1484 811 1536 τῷ
839 1479 974 1538 τρόπῳ
999 1486 1071 1536 τῆς
1092 1482 1194 1524 κατὰ
1211 1474 1483 1538 Βετρανίωνος
1504 1480 1659 1538 ἀπάτης
1676 1485 1789 1534 εῗςΞΟ

162 1559 194 1588 a.
215 1549 282 1586 351
307 1543 419 1601 ἔργον
452 1543 644 1600 ἒκβάσης,
686 1547 749 1588 ἐπὶ
775 1549 1026 1602 Μαγνὲντιον
1054 1548 1227 1591 ἐλαύνων
1257 1549 1535 1600 Κωνστάντιος
1561 1550 1732 1602 Γάλλον,

301 1611 397 1655 ὄντα
415 1617 487 1655 τοῦ
507 1614 622 1654 θείου
641 1616 786 1667 παῖδα,
807 1615 1025 1658 Ἰουλιανοῦ
1048 1618 1091 1659 δὲ
1108 1621 1181 1659 τοῦ
1197 1618 1299 1672 μετὰ
1321 1621 1447 1661 ταῦτα
1465 1616 1732 1672 βασιλεύσαν-

393 1741 435 1775 11
458 1737 533 1784 μὴ]
552 1737 644 1785 μήτε
662 1740 750 1792 libri.

297 1850 414 1894 itaque
440 1861 512 1883 cum
538 1853 679 1895 uterque
704 1851 836 1895 legatos
857 1853 901 1887 ad
915 1853 1153 1889 vetranionem
1168 1855 1232 1889 hoc
1244 1855 1374 1889 nomine
1388 1855 1547 1898 misisset,
1569 1855 1626 1889 ille
1640 1855 1731 1888 Con«

301 1895 420 1933 stantio
436 1906 534 1939 quam
548 1895 745 1939 Magnentio
761 1897 875 1930 maluit
889 1900 1053 1936 assentiri,
1098 1900 1154 1933 ubi
1170 1901 1269 1934 rebus
1282 1901 1414 1935 infectis
1427 1900 1614 1944 Magnentii
1629 1900 1731 1943 legati

301 1940 551 1980 discessissent,
587 1940 800 1975 Constantius
829 1944 965 1986 petebat
978 1950 1015 1978 ut
1028 1945 1063 1978 in
1078 1955 1176 1978 unum
1191 1945 1309 1989 copiae
1329 1949 1547 1988 cogerentur,
1571 1950 1604 1978 et
1622 1944 1731 1989 publi-

302 1994 376 2018 cum
399 1984 442 2017 de
462 1984 609 2027 gerendo
631 1990 748 2019 contra
762 1986 990 2031 Magnentium
1004 1990 1092 2023 bello
1106 1990 1274 2023 consilium
1289 1990 1479 2023 haberetur.
1526 1989 1733 2023 vetranione

301 2029 490 2062 Constantii
515 2029 629 2062 verbis
656 2030 816 2075 decepto,
854 2033 1016 2076 quoddam
1031 2035 1063 2067 in
1078 2035 1221 2068 tribunal
1241 2035 1327 2068 haci
1353 2044 1391 2068 sa
1406 2034 1448 2067 de
1463 2044 1562 2067 causa
1576 2039 1731 2080 paratum

300 2074 553 2108 adscenderunt.
600 2075 834 2119 Constantius,
858 2077 1000 2121 priorem
1028 2080 1159 2113 dicendi
1182 2080 1290 2113 locum
1315 2090 1335 2112 o
1383 2079 1515 2122 generis
1537 2079 1731 2123 dignitatem

301 2123 438 2162 nactus,
462 2118 553 2151 nulla
568 2130 632 2152 non
648 2120 806 2153 orationis
820 2127 917 2166 parte
932 2123 1086 2157 militibus
1101 2124 1331 2158 liberalitatem
1346 2129 1516 2169 paternam
1531 2124 1575 2157 ad
1589 2124 1731 2159 animum

300 2174 460 2197 revocare
485 2174 559 2195 cum
584 2163 625 2196 iis
646 2166 879 2208 sacramentis,
905 2167 1025 2212 quibus
1048 2174 1164 2202 sancte
1185 2167 1414 2214 promisissent
1428 2169 1516 2202 omni
1530 2179 1567 2203 se
1581 2169 1731 2203 benevo—

301 2208 404 2242 lentia
429 2208 516 2241 filios
539 2207 643 2252 ipsius
670 2209 914 2254 complexuros3
938 2213 1033 2246 simul
1056 2219 1172 2258 petere
1195 2225 1237 2247 ne
1261 2213 1522 2258 committerent,
1546 2214 1640 2248 utim
1665 2222 1731 2248 une

301 2252 515 2296 Magnentius
535 2253 716 2295 evaderet,
739 2255 795 2298 qui
811 2255 1136 2292 constantinifilium
1150 2258 1345 2302 occidisset,
1369 2269 1510 2302 quocum
1524 2258 1627 2292 multa
1665 2259 1732 2292 ella

299 2297 520 2331 confecissent
532 2301 568 2330 et
582 2308 603 2330 a
617 2309 682 2342 quo
698 2300 885 2333 muneribus
901 2302 1012 2336 affecti
1034 2303 1179 2337 maximis
1194 2307 1317 2337 essent.
1363 2303 1446 2337 haec
1460 2303 1517 2337 ubi
1532 2303 1652 2337 milites
1669 2313 1733 2337 au-

300 2343 476 2383 divissent,
500 2342 614 2387 opimis
641 2343 706 2376 iam
729 2349 807 2378 ante
830 2345 922 2379 donis
945 2348 1117 2392 occupati,
1140 2348 1341 2381 adulterinos
1365 2348 1583 2393 imperatores
1606 2359 1731 2393 expur-

300 2387 428 2431 gandos
444 2397 517 2421 esse
534 2387 725 2421 clamarunt.
773 2389 866 2423 simul
882 2397 1016 2425 exutum
1033 2403 1180 2437 purpura
1195 2393 1431 2426 Vetranionem
1445 2393 1601 2426 tribunali
1616 2393 1730 2426 detra-

301 2434 404 2472 hunt,
435 2437 473 2466 ut
497 2432 644 2477 privatus
670 2433 809 2467 viveret.
856 2434 1071 2470 Constantius
1095 2442 1223 2479 autem,
1245 2437 1327 2470 nihil
1347 2448 1465 2482 passus
1480 2438 1514 2471 in
1526 2437 1617 2470 illum
1638 2437 1730 2470 desi-

302 2477 397 2521 gnari
422 2477 576 2521 gravius,
600 2476 635 2510 in
662 2477 818 2520 Bithynia
841 2480 941 2514 vitam
967 2482 1111 2525 exigenti
1135 2485 1296 2526 sumptum
1320 2494 1379 2527 pro
1398 2482 1493 2516 victu
1506 2482 1729 2516 necessarium

301 2521 494 2566 assignavit.
537 2521 594 2557 ubi
609 2533 680 2556 cum
695 2523 739 2556 ad
754 2527 884 2567 tempus
898 2525 1029 2570 aliquod
1043 2532 1214 2572 superstes
1226 2527 1346 2561 fuisset
1359 2527 1501 2571 negotiis
1517 2531 1552 2560 et
1567 2526 1656 2560 curis
1670 2537 1728 2561 so·-

299 2567 408 2609 lutus,
430 2567 530 2600 rebus
543 2567 690 2600 humanis
705 2569 859 2602 excessit.

389 2612 445 2646 45.
491 2612 566 2645 Hoc
591 2612 688 2648 modo
713 2623 786 2646 cum
807 2613 902 2647 dolus
925 2615 1085 2651 adversus
1106 2615 1343 2650 vetranionem
1366 2615 1478 2660 reipsa
1500 2615 1728 2660 successisset,

300 2654 518 2691 Constantius
539 2657 573 2690 in
595 2657 820 2701 magnentium
840 2659 954 2704 copias
977 2660 1100 2695 ducens
1116 2661 1249 2695 Gallum
1264 2661 1374 2705 patrui
1389 2661 1492 2694 filium
1504 2687 1516 2703 ,
1538 2670 1728 2705 germanum

301 2700 372 2735 eius
385 2701 502 2736 Iuliani
519 2702 658 2737 fratrem
673 2702 730 2748 qui
743 2703 923 2740 secundum
936 2705 1018 2741 haec
1032 2705 1219 2752 imperavit,
1243 2705 1421 2741 Caesarem
1436 2705 1596 2753 appellat,
1619 2705 1728 2740 eidem
