1734 3002
12 0 33 141 ξ
647 63 966 110 PRAEFATIO.
1466 81 1524 112 xv

91 182 231 224 eadem
251 182 350 235 fnit,
377 183 433 224 ita
462 191 508 224 ut
535 184 700 236 Latina,
727 185 798 225 nbi
825 185 869 224 in
900 186 1060 226 Graecis
1086 186 1298 242 quicquam
1327 194 1522 228 mutatum

89 259 213 302 esset,
241 251 294 292 ad
310 250 482 292 eundem
498 266 658 293 sensum
677 255 975 306 corrigerentur.

196 322 324 368 Quam
350 321 393 359 in
414 322 518 360 notis
534 322 676 361 afficis
694 321 922 361 ordinandis
945 329 1101 361 secutus
1120 333 1209 361 sum
1226 323 1380 374 legem,
1407 330 1451 362 ut
1472 324 1521 362 ab

5 402 9 406 ·
86 388 381 440 evagationibus
409 386 462 427 ad
488 402 552 428 res
574 397 643 428 ant
661 389 811 428 alienas
842 396 908 428 ant
935 402 1075 441 parum
1103 392 1341 429 necessarias
1361 404 1520 442 operam

0 500 19 515 .,
85 468 216 494 meam
232 457 492 505 continerem,
520 454 882 509 adstringeremque
902 469 991 495 eam
1013 453 1260 495 solummodo
1280 456 1331 494 ad
1351 470 1398 495 ea
1418 470 1518 510 quae

14 550 23 558 -
83 525 233 564 Zosimi
260 531 373 573 sunt,
402 522 569 562 eandem
594 525 636 562 in
661 524 710 562 iis
738 537 842 577 quae
867 522 918 562 de
946 524 1070 576 ipsius
1095 522 1173 562 fide
1193 531 1231 563 et
1251 538 1382 562 rerum
1399 525 1447 562 ab
1469 539 1516 562 eo

83 591 316 633 traditarum
350 594 511 633 veritate
544 591 797 645 disceptanda
830 598 943 630 erant
979 593 1259 644 praescriptam
1294 591 1394 641 mihi
1429 606 1516 631 esse

3 648 25 663 ’ῃ
81 660 204 699 volui.
257 658 434 699 historici
448 667 581 699 autem
597 661 818 712 argumenti
834 658 1191 698 animadversiones
1207 672 1230 697 a
1248 661 1388 698 criticis
1404 672 1514 698 seor—

80 727 166 765 sim—
184 728 336 780 positae
363 735 479 778 mat,
504 740 558 767 ne
588 726 824 767 cumulanda
853 735 1036 767 notarum
1059 728 1164 765 mole
1183 734 1222 765 et
1242 725 1440 766 onerando
1463 729 1513 766 iis

79 799 266 833 contextu
294 793 471 834 taedium
502 802 542 834 et
572 794 781 835 difficultas
805 802 1007 848 pareretur
1031 794 1255 847 lectoribus.
1310 802 1514 833 versantur

0 852 17 872 ²¹
79 873 151 899 eae
180 862 246 900 vel
271 862 316 901 in
343 862 564 915 argumenti
588 877 743 903 summa
766 864 832 902 vel
854 865 898 902 in
921 864 1087 915 singulis
1107 861 1292 900 historiae
1310 863 1509 914 partibus3

50 970 53 973 ,
77 940 246 981 quarum
266 936 448 985 notarum
471 930 574 970 illud
595 944 719 983 genus
736 930 844 985 qnod
858 930 910 969 ad
924 930 1044 969 fidem
1059 931 1234 968 maxime
1251 928 1400 968 Zosimi
1416 942 1509 981 spe-

77 1002 179 1046 ctat,
204 998 248 1036 in
276 998 561 1052 Disquisitione
586 999 687 1039 libro
713 1000 929 1052 praemissa
961 996 1311 1051 comprehensum,
1341 996 1509 1034 alterum

75 1063 118 1101 in
136 1076 215 1117 quo
233 1062 284 1103 de
301 1066 468 1117 singulis
485 1067 583 1105 locis
602 1069 822 1120 quaeritur,
851 1068 893 1104 in
912 1066 1199 1106 Commentario
1214 1063 1397 1102 historico
1414 1077 1508 1115 pro-
1564 1062 1571 1070 ⁶

74 1131 248 1181 positum
274 1138 347 1171 est.
401 1133 443 1171 in
470 1140 636 1187 utroque
668 1133 712 1171 id
740 1135 922 1186 inprimis
947 1144 1108 1186 operam
1130 1131 1333 1180 dedimus,
1360 1138 1405 1168 ut
1426 1144 1507 1168 non

71 1196 191 1236 modo
210 1196 400 1239 dilaceret
425 1207 572 1254 quanta
588 1201 740 1239 Zosimi
761 1202 812 1240 sit
835 1200 888 1239 ad
910 1199 1030 1239 fidem
1056 1213 1189 1238 rerum
1206 1199 1255 1236 ab
1276 1212 1322 1237 eo
1342 1199 1509 1250 scripta-

3 1279 18 1293 *
72 1277 160 1304 mm
186 1268 417 1318 auctoritas,
444 1267 518 1307 sed
541 1268 668 1307 'etiam
699 1281 799 1321 quos
827 1276 867 1307 et
894 1268 1033 1321 quales
1054 1274 1210 1306 secutus
1242 1267 1292 1304 sit
1317 1273 1507 1313 auctores,

71 1345 175 1386 quae
206 1335 364 1387 proptia
392 1335 431 1373 ei
462 1337 560 1385 sint,
589 1348 691 1388 quae
718 1348 810 1374 cum
833 1336 921 1374 aliis
943 1336 1188 1382 communia,
1215 1340 1254 1371 et
1271 1346 1373 1386 quae
1391 1333 1440 1370 ab
1460 1346 1507 1370 eo

0 1438 3 1447 .
69 1402 215 1441 omissa
233 1410 301 1441 aut
318 1416 524 1455 perperam
537 1401 704 1453 tradita3
732 1404 843 1443 cuius
862 1405 920 1441 rei
936 1403 970 1441 si
989 1401 1086 1455 quid
1103 1414 1126 1439 a
1146 1401 1409 1453 superioribus
1426 1401 1504 1437 iam

0 1478 13 1498 ν’
68 1466 284 1508 editoribus
301 1478 532 1523 occupatum
551 1483 812 1520 cerneremus,
840 1470 942 1510 illud
959 1469 1174 1510 adsciscere
1200 1477 1238 1506 et
1257 1467 1311 1506 ad
1329 1475 1506 1506 nostrum

0 1565 14 1582 .
67 1536 363 1576 accommodare
391 1539 600 1577 consilium
625 1551 707 1577 non
722 1540 851 1590 magis
873 1538 1138 1577 dubitavimus
1159 1550 1280 1589 quam
1299 1537 1340 1573 in
1359 1535 1507 1574 admit-

66 1601 197 1643 tendis
213 1603 617 1645 animadversionibus
635 1606 695 1644 Io.
720 1606 834 1644 Dan.
858 1606 1023 1651 Rutert,
1052 1603 1104 1642 ad
1123 1605 1297 1655 exempli
1314 1616 1391 1655 quo
1410 1617 1506 1641 usus
1580 1640 1584 1644 ,

18 1659 31 1699 .['
66 1668 151 1709 erat
167 1684 279 1710 oram
293 1660 522 1726 adscriptis,
550 1680 591 1712 et
607 1671 853 1711 humanitate
877 1672 1027 1712 domini
1049 1673 1134 1710 eius
1154 1671 1268 1720 libri,
1297 1672 1357 1709 Io.
1383 1671 1499 1722 Aug.

68 1735 285 1791 Wagner-i,
310 1753 431 1794 quem
446 1740 582 1780 schola
600 1741 934 1792 merseburgensis
953 1746 1217 1778 oonrectorem
1235 1738 1379 1788 habet,
1413 1751 1502 1776 me·-
1524 1749 1561 1782 p·
1585 1747 1650 1771 xlv

64 1817 156 1843 cnm
184 1807 494 1846 communicatis.
546 1809 591 1845 in
622 1809 755 1846 critica
778 1807 941 1860 quidem
961 1821 1003 1845 re
1022 1809 1120 1845 istae
1139 1805 1498 1844 animadversiones

63 1870 172 1910 haud
185 1881 408 1924 versantur,
435 1882 599 1927 possunt
616 1883 748 1914 tamen
767 1874 818 1912 ad
834 1874 1038 1913 historiam
1054 1874 1350 1924 illustrandam,
1378 1888 1497 1926 prae-

62 1941 199 1979 sertim
221 1941 264 1980 i·
291 1942 343 1981 iis
364 1943 463 1982 locis
492 1955 594 1996 quae
621 1957 644 1980 e
668 1941 947 1982 Theodosiano
974 1941 1109 1981 codice
1138 1943 1270 1980 lucem
1286 1943 1496 1994 accipiunt,

0 2065 9 2092 ⁵
28 2103 58 2122 ’ἢ
167 2076 230 2115 Et
246 2075 349 2116 haec
371 2077 536 2132 quidem
559 2077 689 2117 studio
708 2090 798 2116 meo
818 2075 983 2116 editioni
999 2077 1093 2116 huic
1110 2076 1323 2129 adiungere
1342 2079 1496 2116 allabo-

0 2180 1 2183 ,
60 2142 167 2192 ravi,
193 2145 338 2197 quibus
368 2147 404 2184 si
430 2144 528 2199 quid
555 2145 608 2184 ad
630 2144 752 2184 fidem
774 2147 927 2185 Zosimi
949 2145 1260 2198 pernoscendam
1280 2147 1496 2183 accuratius

0 2226 24 2281 ι
59 2212 178 2263 atque
192 2210 247 2249 ad
258 2212 564 2265 intelligentiam
580 2214 790 2266 lucemque
807 2212 994 2252 historiae
1011 2215 1203 2251 maiorem
1222 2213 1498 2251 redundaverit

0 2291 18 2323 Ρ
58 2281 282 2331 commodi,
308 2289 533 2321 assecutum
558 2295 623 2319 me
651 2295 736 2320 esse
756 2282 904 2333 putabo
925 2280 970 2320 id
986 2280 1094 2334 quod
1111 2281 1154 2318 in
1175 2284 1277 2321 votis
1296 2282 1394 2331 suit,
1423 2293 1497 2317 nec

58 2361 143 2388 tem
157 2349 341 2388 inutilem
354 2362 419 2388 me
435 2349 632 2402 peregisse
652 2350 880 2388 urbia-abor.

3 2417 23 2439 ⁶
41 2408 49 2416 '
166 2418 377 2470 confingam
394 2414 460 2456 «112
475 2417 506 2462 4
520 2417 765 2470 septembris
786 2418 906 2460 1783.
