1812 3016
287 135 316 177 2
326 132 382 177 12
791 148 797 150 ·
908 131 1105 174 ZOSIMI

289 242 373 296 δόν,
403 243 489 285 ὅσοι
511 242 562 285 τὰ
583 246 655 285 τοῦ
673 243 871 296 βασιλέως
890 239 1051 298 ἐζήλουν
1071 238 1388 298 ἐπιτηδεύματα,
1414 241 1494 297 τὴν
1519 240 1727 299 ἀνθρωπί-

289 331 360 367 νην
385 312 638 364 εὐδαιμονίαν
654 311 694 352 ἓν
710 309 865 361 τούτοις
882 309 1102 367 ὁρίζεσθαι.
1166 312 1288 364 μῖμοί
1308 327 1349 353 τε
1377 310 1455 367 γὰρ
1474 311 1637 366 γελοίων
1660 311 1727 352 καὶ

288 381 327 422 οἱ
355 384 485 428 κακῶς
504 377 766 432 ἀπολούμενοι
787 378 984 436 ὀρχησταί
987 410 1000 430 ,
1040 380 1105 421 καὶ
1135 382 1216 420 πᾶν
1243 377 1266 420 ὅ
1291 395 1330 420 τι
1357 377 1458 434 πρὸς
1482 375 1727 433 αἲσχρότητα

290 439 357 490 καὶ
378 448 449 502 τὴν
469 445 617 488 ἄτοπον
636 445 782 501 ταύτην
805 449 870 488 καὶ
893 448 1039 501 ἐκμελῆ
1059 449 1240 488 συντελεῖ
1252 443 1449 500 μουσικήν
1457 476 1471 496 ,
1498 442 1661 500 ἠσκήθη
1684 461 1726 487 τε

290 516 353 557 ἕπὶ
374 514 530 565 τούτου,
562 515 627 555 καὶ
649 515 752 568 μετὰ
771 519 911 566 ταῦτα,
946 514 1012 556 διὰ
1035 514 1079 556 τὸ
1100 514 1172 567 τὴν
1190 515 1344 556 ἐκείνων
1364 512 1503 555 ἄνοιαν
1523 510 1758 567 ζηλώσαν-5

288 601 361 633 τας
383 582 480 625 εἶναι
492 614 504 633 ,
537 583 593 631 εἷς
610 580 807 636 τοσαύτην
827 582 1130 636 κατενεχθέντος
1148 580 1382 638 διαφθορὰν
1398 584 1470 623 τοῦ
1486 578 1729 633 πολιτεύμα-

288 667 369 700 τος.
438 649 494 692 ἔτι
524 665 564 691 τε
597 651 663 690 καὶ
694 650 744 691 τὰ
777 654 856 691 τῶν
875 654 984 692 θεῶν
1006 651 1074 703 ἕδη
1100 648 1203 691 κατὰ
1221 653 1355 691 πᾶσαν
1376 646 1595 704 ἐπολιόρκει
1615 645 1728 689 πόλιν

289 721 355 760 καὶ
373 716 525 774 χώραν,
554 715 734 767 κίνδυνός
754 734 794 759 τε
816 721 935 759 πᾶσιν
956 717 1125 759 ἕπε’κειτο
1146 723 1229 767 τοῖς
1248 718 1473 770 νομίζουσιν
1493 714 1590 758 εἶναι
1607 715 1730 766 θεοῦς

287 784 316 840 ἢ
340 785 442 834 ὅλως
469 786 524 834 εἷς
551 784 622 826 τὸν
645 784 815 840 οὐρανὸν
844 784 1113 838 ἀναβλέπουσι
1138 786 1206 827 καὶ
1231 783 1282 827 τὰ
1306 785 1347 826 ἓν
1373 784 1484 842 αὐτῷ
1509 782 1730 840 φαινόμενα

286 856 568 910 προσκυνοῦσι.
1741 857 1785 892 10

424 917 502 964 34.
573 918 792 960 Θεοδοσίου
813 919 946 961 τοίνυν
966 916 1080 968 ὄντος
1098 919 1139 960 ἓν
1157 916 1335 970 τούτοις,
1370 919 1410 960 Γ
1406 916 1593 976 ρατιανός
1609 914 1630 959 ὃ
1647 921 1728 971 βα·

286 987 418 1037 σιλείς
459 986 645 1040 ἐκπέμπει
685 991 767 1035 τοῖς
807 986 912 1028 κατὰ
952 986 996 1029 τὸ
1031 986 1235 1043 Ἰλλυριῶν
1273 991 1395 1040 κλΐμα
1434 991 1730 1042 στρατιωτικοῖς

283 1054 460 1110 τάγμασι
482 1052 702 1110 στρατηγὸν
723 1052 978 1106 Βιταλιανόν,
1012 1053 1141 1110 ἄνδρα
1162 1052 1400 1109 πεπονηκόσι
1419 1059 1503 1103 τοῖς
1522 1051 1729 1110 πράγμασι

286 1123 380 1165 κατ’
404 1122 519 1164 οὐδὲν
537 1121 702 1177 ἀρκέσαι
723 1120 954 1175 δυνάμενον.
1022 1120 1165 1164 τούτου
1196 1123 1240 1164 δὲ
1259 1120 1478 1177 ἡγουμένου
1500 1119 1571 1163 δύο
1589 1127 1729 1177 μοῖραι

285 1195 366 1233 ’τῶν
382 1188 481 1246 ὗπέρ
501 1187 569 1232 τὸν
579 1187 716 1243 Ῥῆνον
738 1191 992 1246 Γερμανικῶν
1010 1189 1153 1241 ἐθνῶν,
1173 1188 1199 1244 ἧ
1216 1190 1290 1243 μέν
1305 1187 1465 1245 ἡγεμόνι
1487 1189 1729 1246 Φριτιγὲρνῳ
1741 1195 1783 1233 15

282 1256 469 1313 χρωμένη
488 1255 512 1311 ἦ
530 1258 573 1298 δὲ
588 1254 664 1298 ὕπὸ
678 1256 875 1298 ’Άλλοθον
896 1259 962 1299 καὶ
983 1255 1187 1314 Σάφρακα
1209 1257 1421 1312 τεταγμένη
1434 1287 1447 1307 ,
1482 1262 1565 1306 τοῖς
1584 1257 1730 1298 Κελτι-

287 1331 371 1374 κοῖς
394 1324 549 1366 ἕθνεσιν
571 1325 808 1376 ἐπικείμεναι
827 1325 1073 1377 κατέστησαν
1090 1325 1146 1374 εἷς
1161 1323 1336 1380 ἀνάγκην
1352 1325 1422 1366 τὸν
1436 1323 1607 1377 βασιλέα
1618 1324 1657 1364 Γ
1653 1340 1730 1380 ρα-

285 1386 421 1434 τιανὸν
448 1393 630 1433 ἐνδοῦναι
659 1392 817 1447 σᾳίσιν,
865 1389 1154 1441 ἆπολιπούσαις
1177 1392 1228 1433 τὰ
1260 1392 1302 1433 ἓν
1328 1393 1518 1442 Κελτοῖς,
1563 1390 1631 1433 διὰ
1657 1394 1731 1433 τοῦ

281 1459 436 1515 Ἴστρου
457 1460 657 1500 Παιονίαν
679 1460 746 1500 καὶ
767 1457 839 1513 τὴν
857 1458 940 1500 ἄνω
961 1460 1131 1501 Μυσίαν
1148 1462 1410 1513 καταλαβεῖν·
1455 1453 1505 1513 ἦν
1522 1456 1601 1515 γὰρ
1619 1458 1733 1516 αὐτῷ

288 1526 404 1582 λόγος
424 1543 465 1569 τε
487 1527 553 1568 καὶ
576 1525 731 1580 σπουδὴ
754 1525 852 1576 τέως
868 1525 1143 1582 ἀπαλλαγῆναι
1164 1531 1236 1581 τῆς
1252 1530 1440 1581 συνεχοῦς
1459 1524 1611 1568 τούτων
1630 1524 1785 1583 &pri-20

287 1588 375 1637 dov.
443 1592 750 1643 διαπλεύσαντες
768 1587 839 1635 οὖν
856 1595 918 1636 ἐπὶ
937 1592 1092 1645 τούτοις
1108 1594 1178 1636 τὸν
1191 1594 1362 1652 Ἵστρον,
1397 1591 1676 1648 διανοούμενοί
1687 1610 1729 1637 τε

381 1745 399 1778 1
424 1739 574 1787 ἐζήτουν
596 1742 691 1776 libri:
716 1753 795 1777 corr
817 1742 1053 1779 Leunclavius.
1190 1743 1213 1779 5
1236 1740 1299 1777 διὰ
1322 1740 1364 1777 τὸ
1389 1753 1441 1777 om
1466 1743 1508 1777 P.
1530 1742 1602 1777 hiat
1622 1743 1727 1778 loo-s.

376 1790 398 1823 7
423 1786 486 1831 ἕδη
513 1790 558 1821 8.·
581 1787 661 1821 libri
685 1787 777 1832 εἴδη.
899 1791 942 1825 16
962 1788 1132 1824 Ammiano
1155 1789 1330 1833 Alatheus,
1352 1788 1538 1824 lornandae
1551 1790 1731 1834 Aluum,

378 1833 638 1878 Sapbraxeidem
659 1833 822 1877 Sasracla.

285 1964 437 2011 principe
460 1969 590 2000 tantum
613 1966 808 2002 incrementi
834 1971 1013 2012 ceperunt,
1045 1971 1083 2002 nt
1105 1966 1343 2014 propemodum
1370 1977 1503 2006 omnes,
1535 1965 1593 2012 qui
1618 1966 1728 2002 studia
1796 1953 1812 1967 r

285 2011 445 2055 principis
466 2012 737 2055 aemulabantur,
781 2013 815 2046 in
840 2013 891 2046 his
915 2013 1110 2047 beatitatem
1135 2014 1307 2047 humanam
1331 2012 1583 2046 constituerent.
1631 2017 1729 2046 erant
1807 2022 1812 2053 ξ

287 2056 373 2090 enim
388 2056 476 2089 mimi
492 2057 701 2090 ridiculorum
711 2083 722 2099 ,
752 2063 787 2091 et
800 2058 858 2102 qui
874 2059 958 2092 male
974 2063 1114 2103 pereant
1125 2084 1135 2098 ,
1165 2058 1363 2096 saltatores,
1387 2062 1422 2091 et
1436 2057 1593 2101 quicquid
1608 2057 1648 2090 ad
1664 2058 1730 2092 ob-
1804 2056 1812 2078 ³·

285 2100 482 2134 scenitatem
499 2105 534 2134 et
548 2101 747 2145 flagitiosam
764 2104 850 2136 hanc
866 2103 1127 2149 dissolutamque
1141 2102 1296 2136 muniam
1311 2102 1470 2147 pertinet,
1492 2107 1560 2136 tam
1575 2103 1638 2135 snb
1651 2103 1727 2147 ipso
1807 2094 1812 2134 ἓ

286 2156 384 2190 quam
400 2145 556 2191 deinceps
575 2147 756 2180 exercitum
772 2148 854 2190 fuit3
887 2159 928 2182 ao
950 2154 1076 2182 tantam
1096 2148 1141 2181 ad
1160 2149 1382 2191 corruptelam
1400 2147 1636 2192 praecipitavit
1649 2147 1728 2181 ideo
1805 2145 1812 2199 ζ

287 2202 344 2224 res
371 2190 524 2234 publica,
558 2192 647 2235 quod
677 2199 790 2226 essent
814 2192 870 2237 qui
892 2194 1008 2228 horum
1033 2193 1226 2227 dementiam
1251 2193 1505 2226 aemularentur.
1551 2196 1728 2237 praeterea
1803 2206 1812 2230 ι

287 2236 385 2269 deum
406 2246 540 2280 quoque
567 2237 716 2270 sacraria
741 2249 802 2281 per
828 2250 942 2272 omnes
966 2240 1065 2272 urbes
1080 2244 1116 2271 et
1130 2248 1230 2281 agros
1244 2239 1542 2282 oppugnabantur,
1573 2237 1728 2290 adeoque

286 2280 469 2326 periculum
484 2281 611 2313 cunctis
627 2281 837 2323 imminebat,
870 2283 927 2327 qui
950 2284 1032 2317 deos
1059 2294 1134 2317 esse
1156 2283 1317 2328 putabant
1335 2283 1390 2316 vel
1403 2283 1437 2316 in
1451 2283 1577 2317 caelum
1593 2292 1726 2317 omnmo

286 2325 512 2370 suspiciebant
526 2330 561 2359 et
574 2336 662 2370 quae
674 2326 708 2359 in
724 2338 765 2360 eo
781 2327 1029 2372 conspiciuntur
1044 2328 1238 2363 adorabant.

377 2391 432 2428 34.
477 2392 561 2426 Cum
586 2392 668 2426 haec
690 2393 903 2427 Theodosius
930 2399 1086 2439 ageret„
1099 2393 1284 2428 Gratianus
1309 2391 1489 2438 imperator
1510 2391 1553 2427 ad
1574 2391 1725 2437 legiones

282 2437 411 2482 Illyrici
426 2437 544 2472 ducem
559 2437 662 2472 mittit
674 2438 887 2482 Vitalianum,
907 2439 1068 2474 bominem
1084 2439 1142 2484 qui
1156 2439 1258 2473 rebus
1271 2438 1502 2472 fatiscentibus
1517 2448 1725 2482 nequaquam

286 2484 444 2517 sufficere
461 2487 586 2528 posset.
633 2483 696 2516 hoc
711 2483 805 2528 ducis
819 2494 935 2517 munus
950 2485 1218 2526 administrante,
1249 2483 1315 2516 dno
1332 2483 1606 2517 Germanicarum
1630 2487 1726 2516 trans

287 2528 442 2562 Rhenum
460 2528 626 2562 nationum
642 2527 785 2572 agmina,
809 2539 947 2572 quorum
963 2530 1102 2564 alterum
1118 2529 1233 2562 ducem
1249 2528 1471 2572 Fritigernum
1487 2528 1663 2569 habebat„
1670 2527 1726 2562 nl-

285 2577 394 2607 terum
409 2575 470 2607 sub
486 2574 620 2607 Allotho
637 2579 672 2607 et
686 2573 825 2607 Safrace
842 2574 1023 2618 militabat,
1048 2575 1123 2608 dum
1141 2572 1286 2608 celticas
1301 2577 1418 2617 gentes
1433 2578 1606 2618 premunt,
1629 2573 1725 2606 Gra-

286 2618 414 2652 tianum
439 2618 481 2652 im
509 2622 672 2652 aratorem
695 2630 735 2651 eo
762 2619 994 2663 compulerunt
1016 2623 1053 2653 ut
1070 2619 1169 2664 ipsis,
1202 2618 1300 2651 modo
1314 2617 1468 2662 regiones
1485 2617 1631 2658 Celticus
1645 2617 1724 2651 reli-

286 2663 457 2707 quissent,
505 2669 576 2697 stro
603 2663 783 2698 transiecto
798 2663 991 2697 Pannoniae
1004 2664 1219 2708 Moesiaeque
1241 2663 1423 2708 superioris
1439 2662 1610 2696 adeundae
1625 2666 1725 2708 pote-

286 2715 406 2741 statem
433 2710 572 2744 faceret.
618 2709 682 2743 hoc
705 2708 791 2743 enim
814 2708 966 2742 studiose
989 2709 1130 2753 agebat,
1160 2712 1199 2742 nt
1223 2708 1338 2741 borum
1358 2706 1543 2753 irruptione
1566 2706 1725 2741 continua

285 2753 495 2791 liberaretur.
541 2766 614 2788 cum
637 2755 741 2799 igitur
757 2754 804 2788 'ob
817 2754 901 2789 haec
917 2754 966 2788 illi
979 2754 1193 2799 navigatione
1208 2765 1268 2800 per
1283 2753 1404 2788 Istrum
1418 2752 1572 2787 instituta
1584 2751 1724 2786 transire
