1812 3016
295 103 391 151 324
736 68 742 81 «
920 98 1114 148 zosffll

295 220 487 260 δοκοῦντα
521 218 619 260 πᾶσι
649 208 882 270 λυσιτελεῖν,
916 215 1047 272 ἐπειδὴ
1080 211 1196 270 μόνοι
1224 213 1294 258 τόν
1325 210 1483 257 πάντων
1512 209 1566 262 ὥς
1599 212 1718 254 εἷπεῖν

295 284 447 340 ἔχοντες
470 289 639 328 πλοῦτον
659 286 720 327 ἐπὶ
742 293 828 336 ταῖς
849 291 997 335 κοιναῖς
1015 284 1291 340 ἐδυσχέραινον
1311 282 1552 338 εὐπραγίαις.

422 353 631 409 Ἀλαρῖχου
664 354 707 395 δὲ
734 351 1101 407 συμβουλεύσαντος
1130 351 1267 407 ὀρθῶς
1276 348 1451 406 Ἀττάλῳ
1471 349 1629 402 πέμψαι
1643 362 1717 400 με·

295 421 408 476 τριάν
437 419 604 473 δύναμιν
624 421 685 461 ἐπὶ
704 420 870 475 Λιβύην
890 423 956 462 καὶ
977 417 1239 475 Καρχηδόνα,
1275 417 1341 459 διὰ
1361 414 1507 470 ταύτης
1526 432 1568 457 τε
1585 426 1718 470 παρα-

296 492 413 530 λῦσαι
440 493 509 542 τῆς
531 488 656 543 ἀρχῆς
670 486 976 543 (Ηρακλειανόν,
1011 486 1064 536 ὥς
1087 486 1135 528 ἂν
1157 485 1214 540 μὴ
1237 486 1302 526 καὶ
1322 485 1365 534 ἐξ
1386 483 1509 526 αὐτοῦ
1527 482 1579 525 τὰ
1590 480 1750 526 '‘Orco-5

295 557 381 611 ριόυ
412 560 652 611 φρονοῦντος
680 554 845 609 κώλυμα
876 573 912 597 τι
946 561 1028 605 τοῖς
1054 552 1360 609 ἐγχειρουμένοις
1392 552 1595 605 συμβαίη,
1634 556 1720 598 ταῖς

293 620 495 672 τοιαύταις
523 623 795 678 παραινέσεσιν
817 623 1004 672 ’Άτταλος
1032 621 1102 663 οὐκ
1132 622 1306 671 ἐτίθετο,
1349 625 1436 669 ταῖς
1467 619 1510 660 δὲ
1543 618 1604 658 ἐπὶ
1638 622 1720 666 τοῖς

292 688 478 742 μάντεσιν
510 691 658 732 ἐλπίσιν
692 688 832 732 ἑαυτὸν
863 688 1062 740 ἐκδιδούς,
1097 690 1163 730 καὶ
1192 688 1365 741 ἀμαχητὶ
1393 683 1720 742 περιποιήσεσθαι

295 755 538 812 Καρχηδόνα
564 759 629 798 καὶ
658 757 708 799 τὰ
740 759 827 814 περὶ
857 756 1017 811 Λιβύην
1044 755 1199 798 ἅπαντα
1222 755 1493 808 πεπεισμένος,
1522 751 1720 809 Δρούμαν

293 825 366 876 μὲν
395 825 466 865 οὐκ
493 825 677 876 ἐκπέμπει
696 825 795 876 μεθ’
819 819 865 878 ἧς
887 823 962 876 εἶχε
981 821 1203 878 βαρβάρων
1222 819 1426 875 δυνάμεως
1449 821 1576 878 ῥᾷστα
1599 821 1720 873 dvm]-
1733 829 1775 862 10

293 889 458 943 σόμενον
482 889 768 945 ςΗρακλειανὸν
795 895 868 943 τῆς
899 890 1024 946 ἀρχῆς
1055 891 1254 942 ἐκβαλεῖν,
1298 890 1340 930 ἐν
1373 890 1541 945 δευτέρῳ
1574 888 1618 929 δὲ
1648 886 1720 940 τὴν

287 957 496 1013 Ἀλαρίχου
524 958 675 1011 βουλὴν
704 956 966 1012 ποιησάμενος
990 955 1222 999 Κώνσταντι
1245 957 1494 1011 παραδίδωσι
1515 958 1594 996 τῶν
1610 955 1650 995 ἐν
1670 957 1721 1009 τῇ

291 1024 434 1081 Λιβύῃ
455 1029 706 1080 στρατιωτῶν
727 1026 798 1079 τὴν
817 1024 1046 1079 ἡγεμονίαν,
1082 1024 1269 1076 οὐδεμίαν
1291 1022 1401 1078 αὐτῷ
1424 1020 1591 1074 δύναμιν
1610 1019 1720 1071 ἆξιόο

150 1110 181 1136 a.
204 1099 273 1135 410
292 1110 423 1146 μαχον
443 1093 734 1147 συνεκπέμψας.
802 1093 905 1134 ἀλλὰ
925 1097 1004 1135 τῶν
1024 1093 1064 1133 ἐν
1081 1096 1130 1147 τῇ
1146 1089 1289 1146 Λιβύῃ
1310 1091 1351 1131 ἐν
1369 1087 1506 1145 ἀδήλῳ
1522 1087 1720 1142 κειμένων,

291 1159 555 1215 ἐπιστρατεύει
582 1164 639 1217 τῷ
665 1164 828 1213 βασιλεῖ
846 1160 948 1202 κατὰ
970 1161 1041 1214 τὴν
1053 1157 1266 1212 Ῥάβενναν
1284 1157 1379 1199 ὄντι.
1446 1157 1543 1211 (8)
1577 1159 1650 1198 τοῦ
1677 1155 1721 1197 δέ
1731 1166 1775 1201 15

290 1227 633 1283 συνταραχθέντος
649 1232 707 1285 τῷ
725 1229 799 1269 δέει
824 1229 889 1269 καὶ
908 1229 1091 1283 πρέσβεις
1112 1227 1387 1280 ἐκπέμψαντος
1405 1225 1471 1266 καὶ
1489 1222 1623 1278 κοινὴν
1641 1222 1722 1277 ἆμ-

292 1295 473 1351 φοτέροις
499 1295 681 1348 γενέσθαι
711 1295 782 1348 τὴν
807 1297 1014 1348 βασιλείαν
1045 1297 1270 1344 αι’τοῦντος,
1300 1291 1442 1346 ’Ῑόβιος
1462 1289 1483 1334 ὃ
1503 1294 1575 1344 τῆς
1597 1291 1722 1345 αὐλῆς

289 1362 468 1417 ὕπαρχος
497 1362 607 1417 παρὰ
632 1361 822 1403 Ἀττάλου
858 1363 1155 1415 καθεσταμένος
1184 1360 1276 1402 οὐδὲ
1309 1359 1437 1413 ὄνομα
1469 1359 1722 1412 καταλείψειν

290 1428 366 1484 ἔφη
394 1427 571 1484 Ὁνωριίμ
597 1431 802 1481 βασιλείας
825 1429 1033 1480 Ἄτταλον,
1069 1428 1160 1470 ἀλλ’
1197 1428 1289 1470 οὐδὲ
1314 1425 1528 1482 ὁλόκληρον
1553 1426 1652 1475 ἕξειν
1674 1425 1719 1468 τὸ

289 1501 428 1548 σῶμα,
463 1494 582 1549 νῆσόν
610 1513 650 1538 τε
681 1497 789 1554 αὐτῷ
822 1495 961 1538 δώσειν
992 1498 1057 1537 καὶ
1088 1495 1259 1549 οἴκησιν,
1293 1494 1392 1550 πρὸς
1421 1498 1479 1550 τῷ
1509 1495 1575 1535 καὶ
1598 1493 1775 1549 μέροςξο

291 1563 400 1619 αὐτῷ
428 1580 464 1604 τι
494 1567 566 1604 τοῦ
592 1561 778 1616 σώματος
805 1562 1066 1617 καταστήσειν
1095 1562 1385 1618 πεπηρωμένον.
1454 1562 1722 1615 ἐκπλαγέντων

291 1631 335 1672 δέ
354 1629 510 1672 πάντων
531 1632 592 1671 ἐπὶ
611 1635 661 1686 τῇ
680 1635 759 1672 τῶν
778 1629 906 1686 λόγων
927 1631 1154 1689 ἀλαζονείᾳ,
1188 1632 1255 1672 καὶ
1287 1634 1359 1672 τοῦ
1384 1629 1580 1683 βασιλέως
1591 1626 1720 1671 Ὁνω-

376 1748 397 1780 8
420 1743 732 1790 περιποιήσασθαι
753 1746 823 1780 LP.
949 1747 992 1781 12
1014 1743 1227 1780 Κώνσταντι
1247 1746 1302 1780 R.-
1323 1745 1424 1790 vulgo
1445 1744 1721 1790 Kmovmzvcp.

330 1827 335 1834 ,
378 1793 422 1824 cf.
447 1793 582 1826 Sozom.
604 1793 625 1826 9
650 1793 690 1834 8,
715 1796 749 1825 et
771 1791 923 1825 Zosimus
945 1792 1032 1825 infra
1059 1804 1088 1824 c.
1113 1792 1146 1826 9.
1273 1792 1314 1826 18
1337 1788 1604 1832 καθιστάμενος
1623 1789 1719 1823 libri:

376 1847 453 1869 corr
473 1838 510 1870 S.
620 1838 662 1871 19
687 1834 756 1880 ἔφη
780 1849 834 1870 om
856 1837 925 1870 PL.
1031 1833 1114 1870 ἀλλ’
1135 1853 1182 1861 -—
1204 1836 1328 1880 σῶμα]
1353 1837 1435 1869 haec
1450 1835 1534 1869 male
1549 1834 1721 1868 abundant

378 1881 501 1914 collata
524 1881 564 1914 ad
585 1881 641 1914 illa
663 1891 751 1925 quae
772 1882 978 1923 inferuntur,
1014 1879 1106 1924 πρὸς
1127 1882 1178 1927 τῷ
1201 1901 1247 1914 -.
1267 1879 1540 1924 πεπηρωμένον.
1586 1880 1720 1913 concin-

376 1926 451 1959 nius
474 1931 566 1959 certe
588 1926 637 1959 ita
658 1927 864 1971 scripsisset:
903 1922 990 1961 οὔτε
1022 1923 1141 1969 ὄνομα
1162 1922 1414 1968 -”Ατταλον,
1445 1922 1562 1968 νῆσόν
1583 1935 1622 1958 τε
1644 1927 1718 1959 κτλ.
1759 1945 1762 1949 ›

376 1972 422 2005 20
441 1971 586 2005 fortasse
607 1971 779 2016 legendum
803 1971 933 2006 δώσειν
956 1971 1007 2011 εἰς
1031 1971 1181 2016 οἴκησιν.
1210 1973 1247 2006 S.
1379 1968 1474 2014 πρὸς
1490 1967 1534 2004 τὸ
1555 1969 1627 2004 LP.

287 2082 421 2128 publice
443 2082 645 2116 videbantur
669 2082 831 2117 universis
854 2083 1060 2125 conducere,
1080 2083 1292 2124 mordebant,
1314 2081 1404 2127 quod
1419 2082 1492 2116 fere
1503 2080 1591 2115 inter
1605 2092 1718 2117 omnes

287 2128 323 2162 hi
338 2128 399 2162 soli
415 2139 551 2172 magnas
570 2139 649 2172 opes
665 2129 876 2172 possidentes
891 2130 1081 2163 felicitatem
1098 2129 1261 2174 publicam
1275 2127 1477 2172 permoleste
1493 2127 1631 2163 ferrent.

378 2173 461 2206 Cum
491 2178 601 2206 autem
631 2173 804 2206 Alarichus
835 2175 948 2208 Attalo
978 2180 1074 2208 recte
1099 2173 1305 2216 consuleret,
1328 2177 1367 2206 ut
1390 2172 1527 2205 idoneas
1549 2172 1663 2217 copias
1682 2172 1718 2207 in

285 2217 432 2253 Africam
460 2222 496 2251 et
522 2217 758 2260 Carthaginem
784 2219 932 2252 mitteret
943 2244 953 2260 ‚
985 2230 1165 2263 earumque
1187 2229 1290 2263 opera
1311 2217 1511 2251 Heracliano
1536 2218 1720 2261 abrogaret

286 2263 478 2307 imperium,
501 2273 544 2295 ne
559 2263 721 2315 perillum
737 2274 887 2307 quoque,
911 2268 1026 2308 partes
1041 2263 1181 2297 Honorii
1195 2268 1395 2304 sectantem,
1417 2261 1550 2306 aliquod
1575 2262 1718 2307 impedi-

287 2313 431 2342 mentum
444 2308 544 2340 rebus
558 2307 718 2341 institutis
733 2309 952 2352 obiiceretur‚
977 2309 1068 2342 nihili
1089 2308 1328 2342 admonitiones
1351 2307 1510 2341 eiusmodi
1523 2307 1604 2341 fecit
1618 2309 1718 2341 Atta-

287 2353 360 2394 lus3
383 2353 533 2396 adeoque
548 2363 625 2396 spes
640 2362 697 2385 eas
712 2353 883 2396 amplexus
899 2365 980 2397 quas
995 2359 1094 2387 vates
1102 2354 1139 2387 -εἱ
1153 2355 1304 2387 facerent
1314 2379 1324 2395 ‚
1347 2364 1388 2385 ac
1402 2352 1473 2386 sine
1487 2352 1663 2386 certamine
1676 2363 1717 2386 se

288 2398 492 2441 Carthagine
515 2402 654 2441 totaque
679 2397 859 2442 potiturum
884 2399 999 2431 Africa
1023 2409 1225 2443 persuasus,
1252 2409 1318 2430 non
1335 2397 1489 2430 Drumam
1512 2396 1635 2440 mittit,
1657 2396 1715 2441 qui

287 2453 359 2475 cum
388 2443 606 2476 barbarorum
631 2442 734 2484 copiis
759 2453 841 2485 quas
864 2443 1007 2476 ducebat
1020 2444 1176 2477 facillime
1189 2443 1354 2487 potuisset
1368 2441 1603 2476 Heraclianum
1617 2447 1716 2486 pote·-

286 2492 375 2521 state
389 2487 548 2528 deiicere,
571 2486 629 2520 sed
644 2486 789 2520 Alarichi
804 2487 940 2520 consilio
958 2489 1145 2532 posthabito
1162 2487 1288 2521 cuidam
1305 2487 1479 2521 Constanti
1491 2487 1524 2520 in
1538 2486 1714 2520 Africanos

285 2532 406 2565 milites
420 2531 593 2576 imperium
608 2531 723 2574 tradit,
745 2543 807 2564 nec
821 2532 932 2566 firmas
945 2538 1053 2567 tamen
1069 2545 1141 2568 cum
1157 2543 1198 2566 eo
1213 2533 1327 2577 copias
1342 2532 1454 2566 mittit.
1475 2531 1604 2565 interea
1617 2542 1712 2575 vero,

283 2587 357 2610 cum
374 2576 483 2611 adhuc
496 2578 530 2610 in
545 2577 645 2610 dubio
659 2588 714 2610 res
731 2577 907 2610 Africanae
921 2582 1053 2620 essent,
1084 2577 1326 2623 expeditionem
1352 2577 1516 2610 adversus
1533 2576 1714 2621 imperato-

282 2633 373 2659 rem.
395 2622 450 2665 qui
472 2622 654 2655 Ravennae
678 2633 725 2656 se«
738 2621 946 2663 continebat,
968 2623 1118 2667 suscipit.
1166 2623 1238 2667 (8)
1261 2622 1291 2655 is
1313 2627 1404 2655 metu
1424 2621 1623 2667 perterritus
1637 2629 1711 2656 oum

283 2666 390 2700 missis
404 2666 524 2709 legatis
543 2667 673 2711 imperii
686 2667 877 2700 societatem
897 2667 1045 2711 offerret,
1067 2667 1193 2709 Iovius,
1215 2667 1257 2700 ab
1275 2667 1390 2700 Attalo
1406 2667 1599 2710 praefectus
1612 2677 1713 2712 prae·

283 2711 359 2744 torii
376 2711 577 2745 constitutus
587 2737 597 2753 ,
619 2724 662 2746 ne
685 2722 802 2745 nomen
818 2711 949 2756 quidem
964 2712 1170 2757 imperatoris
1183 2711 1334 2745 Honorio
1349 2712 1537 2745 relicturum
1553 2713 1602 2745 ait
1616 2713 1712 2745 Atta·

283 2755 349 2788 lum
359 2781 369 2796 ,
393 2767 455 2789 nec
470 2756 634 2800 integrum
649 2767 781 2801 corpus,
803 2756 864 2790 sed
881 2755 913 2790 in
927 2757 1066 2791 insulam
1080 2757 1316 2801 relegaturmn,
1343 2761 1380 2790 et
1392 2760 1570 2802 praeterea
1582 2759 1710 2811 partem

283 2799 428 2846 aliquam
442 2802 592 2848 corporis
607 2801 841 2839 mutilamum.
886 2802 1050 2838 universis
1065 2802 1128 2838 hac
1141 2801 1298 2839 orationis
1313 2801 1504 2849 arrogantia
1516 2801 1653 2844 territis,
1675 2805 1711 2835 et

1803 2950 1812 3016 suat..
1804 2927 1805 2930 „
