1812 3016
417 99 862 146 COMMENTARIUS
893 99 1243 146 HISTORICUS.
1460 100 1559 148 399

115 207 188 262 qui
201 207 329 248 victus
343 209 439 260 suga
458 207 625 248 evadere
641 210 897 263 etAquileiae
909 210 1118 249 moenibus
1135 224 1178 249 se
1194 210 1312 249 tutari
1331 210 1558 264 quaerebat,

114 263 367 303 Theodosius
394 267 578 304 instabat.
636 267 688 304 cf.
714 269 881 305 Pacatus
908 269 1058 318 Paneg.
1086 281 1120 304 c.
1151 271 1206 308 30
1231 280 1343 319 seqq.
1398 270 1510 306 Oros.
1530 270 1558 309 7

113 321 197 369 35,
243 328 284 359 et
311 322 493 360 Socrates
517 324 544 363 5
576 322 628 364 14
659 335 710 359 ex
734 323 878 375 quibus
908 322 1071 361 historia
1103 322 1222 361 huius
1256 324 1352 361 beni
1385 324 1559 378 suppleri

166 382 258 414 test.

113 389 167 428 1²⁰
224 445 265 482 p-
279 434 362 473 230
378 444 418 470 v,
439 434 508 473 22.
536 431 617 471 huc
635 435 831 485 pertinent
852 435 1072 485 fragmenta
1092 432 1266 473 historici
1286 435 1439 483 veteris,
1458 448 1560 488 quoe

111 495 242 526 servat
266 488 367 526 liber
382 490 411 530 2
433 490 610 538 Gregorii
628 492 886 529 Turonensis.
943 491 1087 528 Ram.

222 543 278 582 ih.
311 546 381 585 23.
437 545 544 596 apud
578 547 723 584 Victor.
766 561 830 598 ep.
864 555 903 585 et
932 549 974 585 in
1005 548 1137 585 numis
1171 554 1210 606 et
1240 546 1559 598 inscriptionibus

112 602 280 652 Augusti
297 613 441 638 nomen
466 603 579 651 gerit.

223 669 264 707 p.
253 657 353 697 231
371 669 408 693 ν.
423 660 463 698 3.
520 656 583 694 his
605 656 698 695 addi
719 665 870 709 potest,
900 657 1037 710 quod
1026 672 1065 695 ιιι
1089 658 1223 696 Sicilia
1243 664 1447 709 superatae
1469 666 1559 696 sunt

112 713 248 763 copiae
265 712 433 749 Maximi
453 713 653 764 (Ambros.
673 728 735 765 ep.
757 715 840 763 17),
863 722 900 752 et
920 713 1026 766 quod
1043 716 1204 752 victoria
1219 727 1290 752 sua
1308 714 1559 753 Theodosius

110 766 312 806 moderate
334 780 428 805 usus
456 776 515 807 est
544 771 718 821 (Paneg.
741 772 873 807 Pacati
897 772 923 807 l.
945 771 1020 820 c.).
1079 769 1129 807 de
1156 776 1279 807 morte
1297 769 1558 821 Andragatliii

112 823 165 862 cf.
184 822 390 861 claudian.
410 825 452 861 in
472 825 498 865 4
519 838 625 863 cons.
645 828 822 863 Honor-ii.
881 828 990 864 Oros.
1011 830 1036 867 7
1065 828 1132 870 35,
1162 828 1312 864 Socrat.
1335 828 1360 867 5
1394 827 1459 866 14.

221 877 276 916 ih.
299 892 338 916 v.
368 883 430 920 11.
489 882 606 919 rebus
633 882 853 920 Occidentis
881 884 1028 933 pacatis
1060 881 1329 933 ordinatisque
1363 881 1556 920 Theodo-

112 935 207 983 sius,
235 942 446 987 postquam
464 943 544 975 tres
561 951 684 977 annos
706 946 789 976 erat
808 938 1024 976 Mediolani
1045 946 1322 987 commoratus,
1349 939 1391 974 in
1414 939 1554 976 Orien-

110 997 193 1028 tem
211 1004 387 1029 reversus
401 998 474 1030 est.

222 1045 277 1084 ib.
303 1060 342 1084 v.
366 1051 431 1090 13.
488 1062 535 1086 eo
552 1051 639 1100 ipso
659 1057 835 1101 tempore
851 1051 998 1088 Iustina
1018 1059 1143 1088 morte
1160 1049 1340 1088 decessit.
1375 1049 1506 1088 Rufin.
1525 1053 1552 1091 2

112 1103 178 1143 17.
234 1102 285 1140 cf.
304 1103 460 1142 Sozom.
480 1107 507 1146 7
540 1106 603 1146 14.

220 1157 276 1196 ib.
297 1172 335 1196 v.
358 1161 428 1201 21.
485 1156 747 1202 Μακεδόνων.
803 1160 885 1199 vid.
913 1162 942 1199 1.
963 1163 990 1203 2
1016 1174 1050 1199 c.
1067 1159 1147 1199 Th.
1175 1159 1226 1198 ad
1255 1162 1334 1213 leg.
1362 1163 1478 1200 Corn.
1502 1161 1552 1201 de

108 1213 223 1252 sicar.
277 1215 422 1253 Riuer.

219 1283 262 1322 p.
250 1273 400 1312 .236v.
415 1270 482 1312 15.
525 1269 669 1309 cadunt
689 1272 809 1322 igitur
824 1269 922 1308 haec
940 1279 1049 1322 gesta
1067 1273 1108 1308 in
1127 1285 1163 1309 a.
1175 1273 1277 1313 391:
1305 1285 1399 1310 nam
1417 1274 1551 1311 consul

107 1324 273 1363 Rufinus
289 1339 327 1364 a.
341 1329 437 1368 392.
466 1339 563 1364 mox
584 1341 624 1378 p.
639 1331 720 1369 287
752 1328 801 1369 14
822 1325 896 1378 τήν
911 1327 978 1367 ἐπὶ
993 1325 1159 1379 θανατῳ
1178 1328 1324 1365 subint.
1343 1325 1454 1377 ὁδόν,
1484 1345 1554 1369 πο-

108 1381 233 1432 ρεῖαν,
261 1388 301 1419 et
317 1381 426 1448 quod
444 1384 632 1434 seqnitur,
655 1385 901 1434 σχολαίτερον
918 1379 1046 1423 α’πιων
1060 1383 1239 1433 ἔφθασεν
1255 1381 1337 1434 ἤδη
1351 1388 1555 1425 πεσοῦσαν

106 1433 194 1488 την·
199 1434 402 1491 κεφαλήν,
428 1440 630 1477 transitive
649 1438 797 1476 dicttun
815 1447 910 1491 puto
931 1438 1084 1490 ἔφθασε
1100 1453 1172 1491 pro
1193 1439 1354 1491 ἐποίησε
1373 1437 1553 1491 φθάνειν

105 1495 319 1533 πέθοῦσαν.

218 1551 363 1600 p..236
380 1562 420 1587 v.
443 1551 507 1590 18.
536 1551 739 1601 sequentia
754 1551 951 1587 illustrant
970 1551 1079 1601 leges
1104 1553 1121 1590 l
1144 1549 1193 1588 de
1211 1551 1381 1601 peculat.
1403 1557 1442 1588 et
1459 1552 1554 1592 l.12

109 1610 149 1641 et
167 1605 220 1645 13
242 1601 292 1642 de
309 1605 402 1642 bon.
421 1618 567 1656 proscr.
591 1613 630 1643 et
651 1608 675 1646 9
695 1605 744 1642 de
765 1605 986 1656 indulgent.
1006 1607 1158 1643 crimin.
1217 1606 1307 1643 vide
1333 1607 1390 1643 ibi
1408 1620 1553 1644 comm.

107 1658 270 1697 Godofr.
290 1659 393 1698 adde
414 1662 442 1698 l.
463 1674 531 1698 un.
552 1660 602 1698 de
621 1663 870 1712 possessione
890 1662 938 1698 ab
961 1674 1007 1699 eo
1038 1663 1107 1713 qui
1134 1662 1217 1710 bis,
1248 1662 1384 1713 ibique
1407 1669 1490 1700 not.
1509 1662 1549 1699 b.

106 1715 250 1752 Riuer.

218 1769 274 1808 ib.
296 1783 334 1808 v.
353 1769 423 1811 24.
478 1771 528 1808 ob
544 1772 709 1822 Lyciam
733 1772 838 1808 male
860 1770 1172 1808 administratam
1188 1772 1254 1809 vel
1269 1773 1310 1809 in
1329 1773 1450 1822 Lycia
1473 1773 1550 1810 ali-

108 1823 206 1877 quid
223 1825 411 1864 delictum
427 1827 469 1863 in
487 1828 548 1864 ius
564 1835 731 1864 tractum
748 1829 870 1864 fuisse
889 1834 1049 1878 apparet
1067 1842 1088 1864 e
1104 1828 1193 1878 lege
1213 1830 1238 1867 9
1260 1841 1293 1865 c.
1312 1829 1349 1865 T
1351 1827 1393 1865 h.
1417 1827 1466 1866 de
1482 1830 1547 1865 in-

107 1880 216 1932 dulg.
241 1884 352 1919 crim.
374 1883 499 1933 impp.
520 1882 690 1920 Arcadio
709 1891 747 1920 et
765 1885 960 1930 Honorio,
990 1896 1087 1920 coss.
1106 1882 1264 1921 iisdem.
1321 1884 1543 1921 Reinesius.

106 1937 240 1988 legem
258 1937 402 1975 dictam
431 1939 543 1975 aliter
564 1940 841 1990 interpretatur
858 1941 935 1976 Iac.
958 1938 1205 1976 Godofredus
1228 1947 1480 1977 commentar.
1503 1942 1546 1976 in

105 1991 264 2031 Theod.
289 1992 376 2031 ood-
402 2007 546 2044 nempe
563 1996 727 2045 Lyciam
746 1995 978 2032 infamatam
995 1995 1118 2032 fuisse
1138 2003 1299 2046 propter
1317 1995 1546 2033 damnatum

106 2050 235 2086 cIVem
253 2051 440 2100 Lycium,
478 2051 716 2099 Tafianum,
751 2053 861 2088 cuius
880 2064 1033 2088 summa
1051 2052 1166 2101 culpa
1185 2051 1303 2088 fuerit
1316 2081 1326 2099 ,
1355 2060 1398 2088 ut
1420 2053 1545 2102 ipsius

101 2104 205 2155 legis
223 2106 343 2142 verba
362 2104 510 2143 habent
522 2134 533 2153 ,
574 2106 799 2156 temporalis
818 2106 978 2158 offinsio
998 2107 1195 2144 deterrimi
1212 2107 1355 2144 iudicz‘s
1375 2109 1545 2152 inimici,

101 2159 146 2197 id
169 2166 234 2199 est
244 2161 388 2199 Rufini.
450 2161 595 2198 cellar.

213 2229 255 2267 p·
286 2219 368 2258 237
400 2230 440 2254 ι’,
471 2218 538 2257 11.
595 2219 803 2270 Aquileiae
833 2218 1000 2265 scilicet,
1038 2223 1081 2254 ut
1121 2230 1174 2255 ex
1210 2230 1294 2268 cap.
1328 2216 1381 2257 45
1420 2230 1544 2268 appa-

104 2271 203 2318 ruit3
232 2270 304 2308 sed
322 2285 424 2310 anno
441 2273 523 2313 392
546 2286 645 2311 coss.
661 2273 831 2311 Arcadio
852 2281 891 2311 et
906 2274 1046 2311 Rufino
1063 2286 1188 2325 usque
1211 2273 1262 2309 ad
1279 2286 1455 2310 mensem
1479 2275 1548 2310 Iu·-

102 2326 203 2363 lium
223 2327 300 2364 fuit
318 2329 361 2364 in
381 2327 523 2365 officio.
583 2336 713 2367 exstat
737 2331 844 2367 enim
859 2330 890 2367 l.
914 2330 993 2371 127
1013 2342 1048 2366 c.
1070 2328 1152 2366 Th.
1173 2328 1222 2365 de
1238 2328 1477 2365 decurionib.
1497 2329 1547 2364 ab

101 2382 227 2433 impp.
250 2381 453 2421 Theodos.
474 2385 619 2422 Arcad.
648 2392 688 2422 et
712 2387 888 2423 Honorio
915 2384 1025 2433 data,
1063 2397 1162 2422 coss.
1185 2383 1356 2422 Arcadio
1379 2386 1428 2420 A.
1449 2386 1487 2420 11
1508 2391 1548 2420 et

99 2437 263 2486 Rufino,
305 2437 409 2490 prid.
437 2439 524 2476 Kal.
552 2442 765 2492 1ul.Cpol.
805 2442 1027 2478 Reinesius.
1100 2439 1173 2478 sed
1199 2438 1282 2477 vid.
1308 2446 1391 2476 not.
1421 2438 1472 2476 ad
1502 2452 1545 2490 p.

209 2548 416 2590 ib.v.14.
469 2551 703 2589 suburbium
720 2550 798 2590 hoc
813 2552 961 2588 Petam
978 2550 1110 2602 (quasi
1136 2549 1314 2599 Περαίαν
1333 2562 1404 2586 seu
1421 2547 1545 2596 πέρας

99 2600 265 2655 κόλπου)
284 2611 323 2642 et
343 2605 541 2643 Galatam
562 2614 718 2646 vocant.
773 2614 835 2646 est
852 2621 946 2644 vero
963 2614 1072 2644 trans
1090 2606 1219 2642 sinum
1239 2606 1307 2655 qui
1325 2603 1459 2657 Κέρας
1477 2603 1541 2640 di-

98 2659 551 2700 citur.Le1mclavius.

207 2727 250 2764 P·
266 2718 349 2759 238
370 2730 409 2755 v.
434 2718 473 2757 1.
530 2719 572 2756 in
591 2717 860 2758 describendis
876 2716 1106 2768 Arbogastis
1129 2714 1304 2752 moribus
1332 2714 1540 2765 scriptores
