1812 3016
258 110 358 158 236
875 114 1073 160 zosnm

257 243 321 284 πῳ
337 225 409 282 τὴν
415 231 532 283 χεῖρα
548 226 615 269 καὶ
634 223 809 282 ἔπληξεν.
843 225 920 269 ὅδὲ
936 226 1128 270 εἰσελθὼν
1143 228 1212 270 καὶ
1229 231 1288 286 τῷ
1296 232 1460 283 βασιλεῖ’
1468 217 1516 273 τὸ
1534 226 1694 287 πρόσω-

258 312 333 337 πον
370 297 501 345 δείξας
529 299 719 337 τοσοῦτον
748 296 1002 349 ἐξανίστησεν
1038 297 1094 345 εἰς
1121 295 1241 352 ὀργὴν
1272 295 1371 340 ὥστε
1391 299 1530 350 εἷπεῖν,
1577 300 1613 340 εἰ
1635 298 1694 352 μὴ

251 362 321 404 τὸν
343 363 446 405 κατὰ
473 360 684 420 Ῥουφίνου
721 361 877 420 φθόνον
909 361 1154 415 ἀπόθοιντο,
1192 364 1344 418 ταχέως
1371 365 1492 407 αὐτὸν
1521 364 1694 419 ὄψονται

249 429 528 484 βασιλεύοντα.
594 435 722 473 ταῦτα
740 429 760 472 ὃ
778 429 986 487 Ῥουφῖνος
1012 429 1192 485 ἀκηκοώς
1203 463 1215 483 ,
1249 432 1383 487 ἐπειδὴ
1406 435 1472 474 καὶ
1492 431 1624 483 ἄλλως
1643 427 1692 487 ἦν

250 498 399 542 ἅπασιν
421 498 578 554 ἴγκοτος
598 499 665 540 διὰ
691 500 980 556 φιλοπρωτειάς
999 497 1245 556 ὑπερβολήν,
1281 500 1487 543 ἀναπείθει
1516 500 1585 543 τὸν
1610 505 1724 555 βα-5

248 568 361 609 mua
389 571 571 609 κελεῦσαι
599 571 679 609 τῶν
699 569 913 620 βασιλείων
947 566 1023 618 ἔξω
1047 584 1124 609 που
1150 569 1365 624 διατρίβειν
1387 567 1604 626 Προμώτῳ
1626 570 1693 611 καὶ

248 639 298 691 τῇ
325 637 414 691 περὶ
441 635 492 677 τὰ
519 635 689 688 πολέμια
710 636 853 691 μελέτῃ
884 635 979 686 τοὺς
999 634 1246 691 στρατιώτας
1263 636 1408 679 ἀσκεῖν.
1475 638 1541 678 καὶ
1558 636 1691 691 ἐπειδὴ

246 706 366 745 τοῦτο
389 703 629 758 κατέπραξε,
664 704 819 754 καθίζει
845 701 964 756 λόχον
993 703 1101 760 αὐτῷ
1126 702 1348 761 βαρβάρων
1376 704 1598 761 ποιουμένῳ
1619 705 1691 758 τὴν

246 771 310 811 ἐπὶ
346 769 514 828 Θρᾴκην
549 769 793 825 ὁδοιπορίαν.
873 771 911 813 οἳ
939 772 981 814 δὲ
1012 771 1057 814 τὸ
1085 770 1276 826 σύνθημα
1307 770 1533 825 δεξάμενοι,
1565 773 1691 826 μηδὲν

248 836 495 895 προϊδομένῳ
518 843 697 880 τοιοῦτον
723 838 971 892 ἐπιθέμενοι,
1007 838 1330 895 κατασφάξουσιν
1343 839 1484 895 ,ἄνδρα
1515 838 1688 882 πλούτου
1702 847 1747 881 10

246 907 320 960 μὲν
370 908 574 962 κρείττονα
612 905 821 962 γεγονότα,
861 906 1113 962 χρησάμενον
1139 909 1182 949 δὲ
1212 913 1261 964 τῇ
1290 909 1467 966 πολιτείᾳ
1506 909 1572 950 καὶ
1607 914 1691 958 τοῖς

245 978 478 1027 βασιλεῦσιν
500 976 739 1029 εἰλικρινῶς,
775 974 868 1025 ἄξια
898 976 940 1017 δὲ
970 979 1042 1029 τῆς
1071 976 1339 1031 προαιρέσεως
1367 976 1542 1032 ἐπίχειρα
1572 992 1690 1029 κομι-

247 1040 434 1095 σάμενον,
470 1040 531 1084 ὅτι
560 1049 644 1092 τοῖς
664 1041 792 1093 οὕτως
809 1043 983 1096 ἐκμελῶς
1001 1044 1067 1085 καὶ
1087 1043 1243 1098 ἀσεβῶς
1262 1043 1314 1085 τὰ
1331 1043 1445 1086 κοινὰ
1472 1041 1689 1100 πράγματα

248 1111 448 1152 διαθεῖσιν
466 1108 757 1165 ὗπηρετήσατο.

384 1179 464 1222 52.
533 1177 698 1233 Ταύτης
730 1175 945 1233 διαβοήτου
970 1181 1042 1232 τῆς
1071 1175 1252 1234 πράξεως
1277 1177 1318 1220 ἓν
1336 1176 1461 1221 ἅπασι
1483 1177 1690 1233 γενομένης
1701 1181 1743 1219 15

246 1247 314 1287 καὶ
343 1246 384 1287 ἓν
413 1253 498 1296 τοῖς
526 1244 713 1288 ἁπάντων
742 1245 937 1300 στόμασιν
966 1245 1111 1299 οὔσης,
1146 1243 1296 1295 παντός
1323 1263 1364 1288 τε
1388 1250 1691 1302 σωφρονοῦντος

244 1316 306 1355 ε’πὶ
331 1321 414 1363 τοῖς
429 1312 633 1364 τοσούτοις
654 1313 884 1368 ἆτοπήμασι
905 1312 1225 1367 σχετλιάζοντος,
1257 1313 1377 1364 αὐτὸς
1397 1315 1469 1368 μὲν
1482 1312 1690 1370 Ῥουφῖνος

244 1380 377 1437 ὥσπερ
413 1399 450 1423 τι
478 1381 622 1435 σεμνὸν
647 1382 917 1438 ἐργασάμενος
946 1380 1099 1430 ὕπατος
1126 1381 1393 1433 ἀνεδείκνυτο,
1429 1385 1617 1438 Τατιανῷ
1644 1382 1688 1423 δὲ

239 1451 306 1490 καὶ
329 1453 387 1506 τῷ
405 1448 547 1491 τούτου
570 1452 682 1491 παιδὶ
703 1448 894 1507 Πρόκλῳ,
918 1447 1112 1505 Ῥουφίνῳ
1129 1448 1463 1506 προσκεκρουκόσι
1485 1449 1543 1490 δι’
1572 1449 1687 1491 οὐδὲν

238 1517 372 1573 ἕτερον
404 1515 430 1571 ἢ
463 1516 524 1559 ὅτι
550 1517 623 1567 τὰς
655 1513 861 1574 ὑπάρχους
887 1517 1042 1571 ἔχοντες
1068 1518 1262 1567 ἐξουσίας,
1297 1516 1317 1559 ὅ
1336 1518 1410 1570 μὲν
1429 1521 1500 1571 τῆς
1520 1517 1644 1571 αὐλῆς
1662 1515 1742 1559 620

243 1586 287 1627 δὲ
322 1589 394 1638 τῆς
426 1583 590 1635 πόλεως,
627 1584 866 1642 ἇδωρότατα
894 1587 962 1627 καὶ
998 1582 1053 1634 ὥς
1081 1583 1137 1625 ἴνι
1163 1583 1341 1638 μάλιστα
1369 1583 1536 1635 δεόντως
1561 1585 1687 1634 αὐτὰς

241 1654 490 1704 διετίθεσαν,
525 1651 688 1708 ἐπήγετο
715 1652 934 1711 πράγματα
964 1651 1082 1708 λόγον
1111 1652 1182 1694 οὔκ
1214 1652 1367 1706 ἔχοντα.
1435 1654 1500 1697 καὶ
1529 1654 1598 1694 ἵνα
1630 1654 1686 1702 εἷς

239 1720 354 1775 ἔργον
383 1720 527 1775 ἀχθείη
561 1721 612 1763 τὰ
645 1722 740 1763 κατ’
770 1722 902 1764 αὐτῶν
930 1717 1224 1774 βουλευόμενα,
1257 1718 1450 1776 πρότερον
1474 1720 1683 1763 ἀπετίθετο

241 1788 441 1838 Τατιανός
470 1789 542 1844 τὴν
575 1789 704 1846 ἀρχὴν
732 1791 799 1831 καὶ
826 1788 941 1845 ἤγετο
969 1791 1024 1839 εἷς
1060 1789 1211 1845 κρίσιν,
1244 1786 1426 1846 ὑπάρχου
1462 1792 1534 1843 τῆς
1560 1788 1685 1843 αὐλῆς

1603 1880 1621 1893 0

238 1947 380 1981 eumque
403 1937 580 1981 percussit.
627 1938 770 1972 Rufinus
791 1938 832 1972 ad
857 1938 1039 1985 principem
1065 1938 1248 1982 ingressus,
1272 1940 1407 1977 ostensa
1429 1937 1536 1981 facie,
1557 1939 1684 1973 tantam

238 1994 313 2015 eum
332 1982 373 2014 ad
397 1983 478 2016 iram
503 1983 633 2028 impulit
655 1989 694 2017 ut
719 1985 869 2024 diceret,
893 1984 926 2017 ni
950 1991 1144 2030 conceptam
1168 1984 1331 2017 adversus
1355 1984 1508 2017 Rufinum
1528 1984 1683 2018 invidiam
1718 1984 1726 1986 ’

238 2027 457 2071 deponerent,
483 2029 578 2062 brevi
604 2029 787 2074 principem
811 2030 954 2063 visuros.
1000 2030 1051 2063 his
1080 2030 1220 2063 Rufinus
1244 2029 1386 2071 auditis,
1406 2029 1463 2073 qui
1489 2029 1684 2073 ceteroquin

239 2073 338 2105 etiam
355 2073 494 2106 infestus
511 2074 582 2108 aliis
599 2080 689 2107 esset
705 2075 748 2108 ob
765 2074 896 2108 nimium
914 2075 1074 2118 primatus
1094 2081 1130 2107 et
1149 2073 1339 2107 ambitionis
1353 2073 1496 2107 studium
1508 2099 1518 2116 ,
1545 2085 1683 2119 persua-

239 2118 298 2150 det
311 2117 516 2162 imperatori,
540 2120 734 2152 Promotum
760 2126 856 2153 extra
878 2121 988 2153 aulam
1012 2119 1134 2153 alicubi
1157 2119 1351 2152 commorari
1375 2119 1509 2152 iuberet
1526 2126 1562 2152 et
1577 2119 1618 2152 ad
1635 2120 1683 2162 rei

237 2162 378 2196 heilicae
393 2164 537 2196 studium
555 2164 675 2197 milites
690 2176 859 2198 exercere.
907 2165 996 2209 quod
1015 2176 1087 2198 cum
1103 2164 1312 2203 obtinuisset,
1331 2164 1493 2197 barbaros
1508 2164 1541 2197 in
1557 2165 1682 2210 insidiis

236 2208 401 2250 collocat,
424 2209 500 2242 dum
524 2210 703 2242 Promotus
726 2210 758 2243 in
776 2210 954 2243 Thraciam
972 2210 1214 2256 proficiscitun
1249 2209 1317 2250 ini,
1346 2214 1487 2254 accepto
1511 2211 1682 2255 mandato,

236 2253 317 2290 nibil
332 2254 400 2286 tale
418 2254 672 2299 prospicientem
688 2255 840 2298 aggressi
858 2256 1044 2300 trucidant,
1068 2255 1175 2288 virum
1199 2254 1255 2298 qui
1270 2259 1306 2288 et
1319 2266 1401 2299 opes
1418 2261 1682 2300 consumpserat,

236 2304 271 2332 et
294 2310 374 2342 erga
391 2311 459 2331 rem
480 2299 641 2342 publicam
667 2300 825 2344 ipsosque
849 2300 1018 2345 principes
1032 2301 1162 2334 sincere
1181 2311 1219 2333 se
1244 2305 1407 2342 gesserat.
1455 2302 1573 2334 merita
1597 2313 1680 2336 vero

233 2344 383 2391 praemia
399 2344 528 2377 consilii
543 2345 792 2389 voluntatisque
811 2357 892 2378 suae
908 2347 986 2378 tulit
997 2372 1007 2388 ‚
1030 2345 1086 2390 qui
1111 2351 1178 2379 tam
1203 2345 1389 2378 secorditer
1404 2349 1439 2379 et
1451 2346 1551 2391 impie
1565 2346 1679 2391 publi-

231 2400 290 2423 cas
307 2401 363 2422 res
378 2389 687 2423 administrantibus
703 2402 837 2435 operam
854 2402 945 2424 suam
961 2391 1117 2426 locasset.

325 2435 379 2469 52.
427 2435 537 2468 Huius
561 2435 719 2469 facinoris
745 2436 834 2468 sama
855 2435 979 2479 ubique
1002 2436 1124 2477 didita,
1149 2445 1222 2468 cum
1247 2437 1338 2468 esset
1355 2434 1388 2468 in
1404 2446 1464 2468 ore
1476 2435 1627 2470 omnibus
1643 2439 1679 2470 et

235 2480 495 2514 modestissimus
510 2480 650 2524 quisque
664 2485 759 2514 tanta
774 2481 902 2514 scelera
918 2481 1093 2525 periniquo
1115 2481 1221 2514 ferret
1245 2479 1369 2520 animo,
1397 2481 1535 2515 Rufinus
1547 2508 1556 2525 ‚
1580 2481 1678 2526 quasi

234 2525 292 2569 qui
319 2527 448 2559 facinus
467 2527 639 2559 honestum
665 2530 843 2569 patrasset,
868 2526 984 2559 consul
1009 2527 1214 2569 designatur.
1261 2524 1338 2558 hino
1365 2525 1511 2558 Tatiano
1537 2526 1677 2571 eiusque

234 2571 302 2603 filio
323 2572 482 2614 Proculo,
505 2571 562 2615 qui
586 2570 742 2604 Rufinum
767 2571 834 2603 alia
858 2571 946 2603 nulia
959 2571 1001 2604 de
1019 2582 1119 2604 causa
1135 2569 1343 2603 offenderant
1360 2581 1458 2614 quam
1472 2571 1561 2615 quod
1575 2583 1676 2616 prae-

234 2617 383 2649 fecturas
400 2621 574 2660 gerentes,
596 2616 652 2649 ille
668 2615 914 2660 praetorianam
930 2616 983 2649 hic
1000 2617 1176 2654 urbanam,
1201 2626 1257 2648 eas
1276 2615 1551 2659 incorruptissimi
1565 2627 1585 2649 a
1602 2628 1676 2650 mu-

233 2661 381 2702 neribus,
405 2668 441 2694 et
459 2673 555 2706 quam
578 2661 721 2694 maxime
745 2660 823 2694 fieri
847 2665 982 2704 posset,
1006 2673 1048 2695 ex
1072 2660 1175 2694 officii
1197 2660 1327 2693 ratione
1348 2660 1675 2704 administraverant,

234 2706 372 2749 negotia
392 2707 478 2739 nulla
504 2707 591 2740 iusta
613 2707 656 2740 de
679 2717 782 2740 causa
800 2706 1020 2739 facessuntur.
1067 2711 1169 2749 atque
1192 2704 1240 2738 uti
1260 2704 1375 2748 perfici
1391 2711 1527 2752 possent
1539 2718 1626 2751 quae
1640 2708 1676 2741 in

235 2762 294 2786 eos
309 2751 524 2796 agitabantur
539 2751 678 2787 consilia
687 2779 699 2798 ,
713 2751 805 2798 prius
827 2750 1027 2796 magistratu
1041 2751 1204 2786 Tatianus
1226 2750 1400 2785 abdicatur
1415 2752 1497 2786 etin
1513 2752 1565 2786 ius
1579 2752 1675 2787 doci-
