1812 3016
264 95 357 141 178
877 90 1074 134 ZOSIMI

262 208 414 250 οἰκείων
443 205 765 262 ἐγκαρτεροῦντα.
842 206 908 246 καὶ
939 201 1083 245 τούτου
1110 201 1242 255 τυχὼν
1263 201 1326 242 ἐπὶ
1346 199 1418 254 τὴν
1437 195 1699 255 Καισάρειαν,

262 275 289 330 ἢ
321 275 611 323 Καππαδοκίας
646 274 773 323 ἐστίν,
808 269 894 325 ἅμα
922 272 1077 326 γυναικὶ
1106 272 1172 312 καὶ
1185 269 1334 318 τέκνοις
1355 265 1493 324 ἐχώρει
1506 298 1519 318 ,
1552 263 1700 319 ταύτην

263 346 382 384 οἷκεῖν
411 342 590 398 ἐγνωκὼς
614 339 680 382 οἷα
702 341 742 381 ἓν
770 339 872 395 αὐτῇ
899 340 950 380 τὰ
971 340 1083 392 τίμια
1103 336 1287 391 κτήματα
1307 334 1420 389 ἔβζων.
1484 334 1574 388 (5)
1609 335 1700 375 δια-

262 413 468 466 τρίβοντος
488 410 530 451 δὲ
552 409 675 450 αὐτοῦ
700 407 792 450 κατ’
823 407 947 461 αὐτὴν
968 406 1192 462 αἱρεθέντες
1209 401 1495 459 αὐτοκράτορες
1523 401 1701 444 Οὐαλεν-

263 477 434 527 τινιανὸς
455 479 521 518 καὶ
553 475 733 530 Οὐάλης,
769 475 902 528 ἐπειδὴ
932 476 998 516 καὶ
1030 472 1221 529 πρότερον
1249 469 1436 520 ὗπόπτως
1460 469 1559 526 πρὸς
1581 468 1733 511 αὖτὸνὸ

263 545 417 599 ἔχοντες
432 544 612 587 ἔστελλον
631 548 878 600 παραχρῆμα
899 542 992 592 τοὺς
1012 539 1353 595 συλληψομένους,
1379 535 1400 580 ὅ
1421 538 1466 580 δὲ
1486 538 1700 593 παρεδίδου

264 613 419 662 τούτοις
447 611 587 654 ἑαυτὸν
616 613 681 653 καὶ
711 611 818 666 ἄγειν
845 611 1051 666 ἐπέτρεπεν
1073 608 1162 651 ὅποι
1182 606 1412 661 βούλοιντο,
1448 603 1638 661 πρότερον
1653 607 1703 659 τῇ

262 682 417 736 γυναικὶ
454 682 716 734 διαλεχθῆναι
755 680 821 720 καὶ
865 678 916 719 τὰ
954 678 1070 720 τέκνα
1097 674 1333 719 θεάσασθαι
1364 671 1704 728 συγχωρούμενον..

265 751 346 790 ἐπεὶ
369 743 439 790 οὖν
459 746 731 796 ε’νδεδώκασιν,
765 745 940 788 ἑστίασιν
959 745 1094 794 αὐτοῖς
1111 741 1396 799 παρεσκεύαζε,
1426 742 1493 782 καὶ
1513 739 1703 782 οἰνωθέν-

263 834 338 865 τας
364 814 459 857 ἰδὼν
487 814 573 868 ἅμα
607 821 690 864 τοῖς
718 816 873 863 οἶκείοις
895 812 1042 855 ἅπασιν
1064 814 1126 854 ε’πὶ
1148 811 1216 853 τὸν
1234 810 1419 860 Εὔξεινον
1435 808 1583 864 ἔδραμε
1606 805 1702 849 πόν-
1715 816 1758 850 10

262 901 353 934 τον,
369 883 539 925 ιέκεῖθέν
562 899 601 924 τε
625 882 721 931 νεὼς
742 881 883 933 ἐπιβὰς
904 882 966 922 ἐπὶ
987 880 1058 934 τὴν
1082 878 1313 934 Ταυριανὴν
1332 875 1432 933 διῄει
1447 873 1705 931 χερρόνησον.

261 950 410 1007 χρόνον
433 951 478 993 δέ
493 967 582 992 τινα
604 951 822 1005 διατρίψας
838 947 983 991 αὐτόθι
1013 950 1079 990 καὶ
1108 946 1202 996 τοὺς
1225 943 1436 1001 οἷκήτορας
1455 941 1705 997 θεασάμενος

266 1020 454 1072 οὐδεμίαν
482 1019 523 1060 ἔν
555 1015 690 1066 αὖτοῖς
715 1016 877 1070 ἔχοντας
899 1018 1053 1067 πίστιν,
1089 1014 1229 1064 δεδιώς
1249 1012 1307 1067 μή
1331 1029 1424 1055 ποτε
1445 1018 1529 1060 τοῖς
1551 1012 1614 1052 ἐπὶ
1635 1009 1705 1064 ζή-

262 1104 377 1140 τησιν
419 1086 721 1143 ἀφικνουμένοις
764 1084 888 1126 αὐτοῦ
927 1084 1204 1139 παραδοθείη,
1259 1079 1569 1136 παραπλέουσαν
1609 1078 1705 1120 ἷδὼν

265 1153 420 1196 ὁλκάδα
449 1155 516 1196 καὶ
543 1151 667 1209 ταύτῃ
695 1152 902 1208 παραδοὺς
932 1150 1074 1194 ἑαυτὸν
1107 1152 1175 1192 καὶ
1198 1148 1292 1199 τούς
1309 1149 1477 1198 οἰκείους
1491 1145 1564 1201 τὴν
1583 1147 1704 1188 Κων-
1715 1158 1757 1193 15

266 1220 588 1264 σταντινούπολιν
630 1218 930 1274 καταλαμβάνει
977 1218 1117 1268 νυκτὸς
1160 1217 1217 1260 ἔτι
1255 1216 1391 1270 οὔσης.
1478 1211 1706 1264 καταλύσας

265 1291 309 1331 δὲ
338 1288 438 1345 πρός
464 1306 553 1330 τινα
582 1293 661 1330 τῶν
683 1289 726 1329 ἐκ
755 1285 1036 1343 προλαβούσης
1061 1286 1275 1339 συνηθείας
1311 1283 1436 1326 ὄντων
1467 1282 1577 1338 αὐτῷ
1602 1298 1706 1336 γνω-

262 1358 411 1412 ρίμων,
446 1353 799 1409 κατασκεψάμενός
830 1371 870 1396 τε
900 1353 1008 1403 ὅπως
1040 1352 1117 1407 ἔχει
1149 1352 1201 1394 τὰ
1235 1356 1307 1405 τῆς
1337 1349 1488 1400 πόλεως
1507 1349 1610 1403 μετὰ
1633 1349 1705 1404 τὴν

260 1429 334 1466 τοῦ
352 1424 549 1476 βασιλέως
570 1423 819 1476 ἀποδημίαν,
853 1422 1070 1464 ἐπιθέσθαι
1092 1420 1294 1475 τυραννίδι
1317 1420 1522 1468 διενοεῖτο,
1555 1415 1705 1471 ταύτην

265 1491 393 1546 ἀρχὴν
428 1488 693 1545 ποιησάμενος
724 1494 795 1543 τῆς
825 1489 1052 1541 ἐπιθέσεως.
1139 1482 1189 1542 ἦν
1217 1503 1277 1536 τις
1305 1486 1491 1538 εὐνοῦχος
1517 1485 1759 1539 Εὖγένιοςξο

265 1558 415 1611 ὄνομα,
441 1563 514 1613 τῆς
540 1561 751 1612 βασιλικῆς
782 1556 874 1614 ἄρτι
904 1555 1190 1610 ἐκβεβλημένος
1213 1555 1359 1607 αὐλῆς,
1391 1551 1513 1608 ὗγιῶς
1543 1553 1587 1594 δὲ
1605 1552 1704 1608 πρὸς

263 1627 358 1675 τοὺς
377 1630 620 1682 κρατοῦντας
641 1626 712 1667 οὐκ
735 1625 851 1678 ἔχων.
931 1628 1073 1666 τοῦτον
1097 1620 1398 1675 οἰκειωσάμενος
1418 1619 1439 1662 ὃ
1458 1618 1704 1676 Προκόπιος,

265 1694 397 1748 ἐπειδὴ
425 1695 492 1736 καὶ
521 1691 657 1750 κύριον
689 1686 800 1750 εὗρεν
825 1691 921 1735 ι’)’ντα
944 1690 1117 1734 πλούτου
1135 1688 1403 1744 παμπόλλου,
1436 1686 1577 1745 ’φράζει
1607 1687 1715 1737 τέως.

354 1832 378 1866 2
399 1831 543 1876 γυναικὶ
556 1832 610 1866 R.-
632 1831 709 1866 libri
724 1830 877 1876 γυναιξί.
1014 1830 1056 1865 13
1078 1827 1334 1874 ἐπιζητήσασιν
1347 1827 1446 1863 libriz
1468 1837 1545 1861 corr
1560 1826 1598 1862 S.

265 1974 333 2017 quo
354 1963 533 2008 impetrato
560 1964 759 1999 Caesaream
773 1989 784 2005 ‚
805 1974 891 2008 quae
917 1962 1154 2008 Cappadociae
1177 1961 1258 1995 urbs
1284 1964 1354 2002 est,
1376 1971 1442 1993 una
1457 1970 1531 1993 oum
1547 1969 1652 1992 uxore
1666 1961 1703 1992 et

263 2008 379 2042 liberis
404 2014 455 2043 est
480 2011 671 2054 profectus,
695 2010 785 2054 quod
806 2009 883 2042 istic
902 2008 1054 2042 habitare
1073 2007 1297 2048 decrevisset,
1321 2005 1379 2039 ubi
1394 2010 1430 2038 et
1442 2004 1579 2049 praedia
1593 2003 1703 2048 magni

263 2053 364 2099 pretii
382 2054 586 2097 possidebat.
642 2055 716 2099 (5)
742 2055 796 2089 hic
816 2066 857 2087 eo
881 2057 1116 2094 commorante,
1139 2051 1389 2085 Valentinianus
1407 2055 1442 2083 et
1460 2050 1582 2083 Valens
1594 2049 1702 2094 impe-

264 2103 395 2132 ratores
419 2099 509 2142 lecti,
530 2100 621 2144 prius
645 2101 741 2134 etiam
762 2105 953 2143 suspectum
980 2099 1150 2139 babentes,
1173 2096 1347 2130 confestim
1372 2096 1506 2128 mittunt
1523 2094 1580 2138 qui
1595 2094 1702 2127 homi-

265 2155 338 2177 nem
354 2144 683 2188 comprehenderent,
728 2145 786 2178 ille
798 2156 836 2178 se
852 2143 902 2177 his
923 2143 1067 2186 dedere,
1090 2146 1357 2187 potestatemque
1370 2141 1483 2173 facere
1498 2138 1702 2184 perducendi

263 2200 330 2233 quo
346 2189 487 2230 vellent3
511 2189 628 2223 saltem
640 2196 757 2234 petere
772 2189 863 2234 prius
874 2194 910 2222 ut
927 2200 999 2222 curn
1015 2200 1121 2221 uxore
1135 2185 1277 2230 colloqui
1293 2186 1481 2229 liberosque
1494 2195 1572 2218 suos
1585 2185 1703 2218 vidore

263 2233 327 2267 sibi
350 2234 591 2278 permitterent.
638 2246 704 2279 quo
730 2245 888 2268 concesso
915 2234 1048 2278 epulum
1069 2233 1117 2266 eis
1138 2237 1247 2277 parat,
1270 2238 1306 2264 et
1320 2231 1459 2264 obrutos
1473 2229 1552 2263 vino
1567 2229 1701 2272 conspi-

265 2283 361 2312 catus
376 2290 449 2312 cum
476 2279 626 2312 omnibus
649 2279 719 2312 suis
746 2280 788 2312 ad
811 2280 955 2312 Pontum
970 2278 1136 2311 Euxinum
1160 2287 1258 2310 cursu
1275 2275 1456 2309 contendit,
1498 2275 1576 2308 inde
1590 2274 1700 2307 navim

261 2323 434 2367 ingressus
455 2324 497 2357 ad
521 2324 721 2357 Taurianam
750 2324 992 2357 Cherronesum
1017 2323 1147 2367 pergit3
1170 2322 1224 2354 ubi
1247 2326 1468 2354 commoratus
1494 2320 1539 2353 ad
1564 2318 1700 2363 aliquod

262 2374 406 2414 tempus,
430 2373 467 2402 et
485 2368 715 2402 animadverso
733 2369 855 2402 nullam
878 2369 911 2402 in
935 2368 1053 2401 incolis
1077 2379 1151 2401 esse
1174 2366 1286 2409 fidem,
1309 2365 1436 2399 veritus
1457 2377 1500 2398 ne
1520 2365 1700 2408 aliquando

263 2413 520 2448 adventantibus
546 2414 586 2447 iis
612 2414 668 2458 qui
694 2425 730 2446 se
755 2413 831 2447 istic
855 2413 1089 2458 perquirerent
1113 2411 1308 2451 dederetur,
1335 2410 1519 2444 onerariam
1545 2414 1699 2453 praeter-

262 2459 474 2503 navigantem
499 2458 616 2493 videns
639 2458 736 2503 eique
768 2469 806 2492 se
838 2469 911 2492 cum
934 2458 1000 2491 suis
1027 2456 1236 2491 committens
1258 2456 1387 2499 Cpolim
1409 2460 1510 2488 noctu
1533 2453 1698 2498 pervenit.

263 2515 405 2548 cumque
425 2504 618 2538 divertisset
637 2503 682 2537 ad
706 2503 869 2547 quendam
893 2515 935 2536 ex
950 2501 1188 2536 consuetudine
1202 2500 1341 2545 pristina
1359 2500 1421 2533 sibi
1435 2499 1639 2538 familiarem,
1661 2501 1699 2532 et

262 2554 385 2583 statum
407 2549 498 2583 urbis
521 2553 596 2595 post
618 2548 827 2593 imperatoris
848 2547 1086 2592 profectionem
1103 2545 1359 2589 considerasset,
1381 2555 1519 2588 regnum
1535 2544 1698 2577 affectare

262 2595 446 2637 cogitabat,
469 2595 533 2628 hoc
549 2594 619 2628 eius
634 2592 813 2628 invasionis
826 2592 922 2626 initio
933 2593 1034 2626 facto.
1080 2596 1153 2625 erat
1167 2592 1336 2624 eunuchus
1351 2589 1494 2634 quidam,
1510 2589 1563 2622 cui
1576 2599 1697 2622 nomen

259 2639 432 2682 Eugenius
442 2665 453 2682 ,
481 2651 523 2673 ex
537 2640 612 2674 aula
626 2638 839 2684 imperatoria
854 2637 981 2671 nonita
995 2637 1123 2682 pridem
1135 2636 1260 2669 eiectus
1270 2661 1280 2676 ,
1304 2636 1361 2679 qui
1377 2645 1491 2678 parum
1509 2635 1593 2667 bene
1607 2633 1696 2667 affe-

258 2687 333 2716 ctus
353 2695 435 2727 erga
458 2684 625 2730 principes
643 2687 741 2717 esset,
786 2684 851 2717 boc
871 2682 934 2715 sibi
958 2682 1163 2715 familiariter
1186 2680 1360 2714 conciliato
1379 2679 1573 2724 Procopius,
1597 2689 1697 2722 quem

258 2732 294 2762 et
305 2739 442 2774 magnas
457 2741 539 2776 opes
552 2729 726 2776 possidere
740 2729 971 2776 compererat,
991 2727 1122 2773 quinam
1147 2730 1239 2762 esset
1259 2730 1296 2762 et
1308 2726 1521 2771 quamobrem
1536 2723 1696 2761 advenis·
