1734 3002
499 481 568 555 G.
661 484 746 556 G.
835 486 901 554 H
944 486 998 554 E
1043 486 1100 554 Y
1145 485 1208 555 N
1252 485 1355 554 Il

271 618 355 670 IN
404 618 696 672 NovAM
747 616 1043 671 zos1M1
1087 616 1569 672 EDITIONEM

358 731 980 792 ANNOTATIONUM
1020 731 1483 793 PRAEFATIO.

58 1012 94 1044 P·
117 994 184 1034 622
207 967 327 1040 Cum
358 998 576 1040 redimendi
605 1002 733 1056 operis
763 1004 880 1044 huius
906 1004 1082 1044 condicio
1106 1005 1288 1056 imposita
1312 1008 1413 1041 esset
1435 1009 1457 1039 a
1477 1002 1635 1039 librario

203 1070 324 1119 haec,
353 1077 396 1107 ut
415 1072 451 1106 ei
470 1077 659 1121 tanquam
684 1073 931 1110 corollarium
950 1071 1110 1125 aliquod
1131 1084 1272 1122 operae
1292 1083 1404 1108 meae
1424 1069 1637 1116 accederet,

202 1136 386 1177 standum
413 1136 512 1173 mihi
538 1145 642 1175 nunc
668 1142 871 1190 promissis
895 1155 979 1178 esse
999 1140 1138 1186 videog
1166 1145 1286 1190 utque
1306 1136 1381 1175 hoe
1402 1150 1491 1174 cum
1510 1138 1638 1174 fructu

204 1203 336 1257 aliquo
357 1203 408 1241 ad
426 1217 493 1241 eos
513 1206 581 1256 qui
597 1207 800 1244 Zosimum
819 1209 957 1245 lecturi
977 1215 1067 1245 sunt
1084 1207 1214 1253 fieret,
1243 1203 1344 1242 nihil
1365 1202 1639 1242 accommoda-

202 1274 280 1310 tius
308 1273 437 1309 visum
467 1278 526 1308 est
555 1282 674 1323 quam
699 1280 741 1310 ut
771 1271 1128 1310 animadversiones
1146 1272 1356 1309 nonnullas
1374 1272 1416 1308 in
1435 1273 1638 1309 Zosimum

202 1336 455 1387 subiicerem,
487 1351 587 1390 quae
610 1340 712 1376 inter
726 1339 962 1392 legendum,
991 1340 1122 1377 missis
1146 1337 1196 1376 ad
1215 1351 1281 1375 me
1299 1338 1469 1389 plagulis
1488 1352 1509 1376 e
1528 1340 1638 1392 prelo

202 1407 443 1454 recentibus,
473 1406 660 1443 subnatae
683 1414 787 1445 suut.

313 1472 462 1511 Zosimi
487 1471 630 1510 edendi
657 1475 865 1512 consilium
889 1486 1026 1522 nemo,
1056 1479 1173 1525 puto,
1203 1471 1424 1521 damnabit,
1454 1473 1522 1526 qui
1543 1472 1636 1511 inde

203 1554 227 1579 a
258 1541 312 1583 70
348 1541 459 1578 annis
490 1540 642 1577 nullam
671 1541 753 1579 eius
783 1540 996 1582 editionem
1033 1541 1178 1577 factam
1211 1540 1454 1587 meminerit3
1502 1541 1636 1592 itaque

206 1609 448 1660 exemplaria
475 1605 687 1644 desiderari
709 1609 857 1659 passim
877 1621 899 1645 a
917 1605 1010 1645 viris
1029 1606 1171 1655 doctis,
1205 1613 1244 1643 et
1266 1617 1381 1658 posse
1399 1620 1535 1645 eorum
1551 1619 1637 1646 esse·

204 1686 321 1714 usum·
350 1676 523 1726 aliquem
555 1675 672 1711 etiam
703 1676 745 1711 in
779 1673 924 1713 scholis
951 1673 1002 1711 ad
1026 1674 1204 1711 lectionis
1230 1673 1412 1716 Graecae„
1429 1674 1638 1724 elementai

205 1744 328 1781 oratio
359 1743 465 1779 enim
494 1747 552 1783 est
578 1742 715 1792 plana,
746 1742 939 1793 simplex,
968 1740 1094 1790 nuda,
1124 1751 1210 1779 raro
1229 1727 1639 1793 exquisitione-‘aliqua

205 1810 401 1860 elegantia
427 1809 617 1846 sermonis
649 1807 825 1856 condita3
856 1815 1131 1859 argumentum
1158 1821 1251 1846 vero
1280 1805 1473 1846 eiusmodi
1494 1814 1538 1845 ut
1563 1821 1639 1844 nec

203 1878 323 1915 lectio
350 1889 424 1913 nec
449 1873 714 1926 interpretatio
741 1876 885 1914 multas
911 1876 1045 1913 literas
1075 1874 1291 1923 desideret,
1321 1881 1360 1911 et
1380 1887 1472 1912 vero
1494 1875 1638 1925 partim

202 1944 447 1995 superiorum
472 1950 693 1994 temporum
720 1954 883 1980 recensu
902 1943 1065 1980 strictim
1081 1943 1206 1990 facto,
1235 1941 1377 1991 partim
1395 1947 1527 1978 rerum
1544 1940 1638 1978 iude

203 2025 226 2049 a
253 2009 459 2048 Gordianis
486 2016 684 2061 gestarum
705 2011 949 2061 expositione
971 2009 1162 2046 iuveniles
1184 2009 1335 2045 animos
1354 2007 1470 2045 facile
1491 2015 1638 2046 teneat.

203 2075 379 2116 monebit
394 2077 494 2113 forte
514 2077 657 2128 aliquis
675 2077 793 2127 paulo
814 2076 987 2113 severior
1003 2088 1083 2112 nou
1101 2075 1201 2111 bene
1218 2072 1269 2111 ad
1289 2075 1453 2112 seriores
1470 2076 1637 2126 scripto-

204 2156 265 2183 res
285 2143 439 2182 detrudi
460 2145 647 2181 iuvenum
666 2143 846 2193 ingenia:
877 2143 939 2179 cui
956 2148 995 2179 et
1010 2143 1094 2193 ipse
1114 2142 1324 2190 assentior,
1354 2147 1472 2193 atque
1485 2142 1540 2178 ita
1556 2148 1638 2180 sta·-

203 2220 271 2250 tuo
303 2218 346 2249 ut
372 2210 422 2248 ad
455 2210 636 2248 classicos
660 2210 791 2259 potius
823 2210 1027 2259 scriptores
1052 2215 1202 2246 veteres
1225 2221 1271 2245 ea
1291 2206 1524 2246 retrahenda
1551 2221 1638 2246 esse

205 2291 405 2327 censeam,
437 2278 529 2329 quia
547 2277 706 2327 optimis
725 2276 944 2327 quibusque
962 2275 1250 2326 exemplaribus
1268 2274 1451 2325 fingenda
1465 2281 1523 2323 et,
1548 2288 1638 2312 cum

202 2347 395 2384 bonarum
422 2357 551 2382 rerum
579 2344 699 2394 copiis
712 2372 723 2391 ,
753 2342 871 2379 etiam
896 2342 1114 2392 elegantiae
1133 2343 1271 2379 nitoris
1289 2342 1503 2379 venustatis
1519 2354 1638 2379 sensu

204 2411 439 2460 imbuenda,
469 2410 520 2448 ad
545 2409 682 2447 iudicii
714 2416 846 2446 autem
875 2409 1131 2446 subtilitatem
1162 2421 1207 2445 ac
1235 2410 1439 2446 veritatem
1463 2406 1637 2444 acuenda

206 2487 310 2517 sunt.
366 2477 502 2517 videor
518 2485 652 2515 tamen
667 2474 767 2514 mihi
782 2474 891 2512 haud
906 2489 991 2513 raro
1009 2477 1248 2524 observasse,
1278 2488 1368 2513 cum
1384 2475 1462 2512 alia
1477 2475 1637 2525 ingenia

207 2547 249 2582 in
276 2547 371 2596 ipsis
396 2547 597 2582 literarum
621 2543 826 2580 elementis
851 2555 874 2579 a
900 2541 1182 2589 difficilioribus
1207 2555 1300 2580 suae
1322 2554 1463 2593 operae
1479 2541 1638 2578 initium

207 2612 335 2648 facere
355 2613 538 2660 mallent,
567 2611 645 2648 alia
667 2608 888 2647 desiderare
910 2606 1100 2646 facillima
1121 2621 1317 2662 quaeque,
1345 2609 1387 2646 in
1405 2608 1545 2661 quibus
1562 2620 1638 2644 no-

209 2678 397 2716 viciarum
422 2679 566 2717 virium
586 2678 804 2731 periculum
823 2677 1120 2716 elementarium
1139 2676 1336 2725 facerent,
1365 2681 1407 2712 ut
1426 2687 1499 2712 nec
1514 2675 1555 2712 in
1573 2686 1638 2710 ar-
