1812 3016
331 98 820 150 ‚COMMENTARIUS
853 96 1157 142 HISTORICU
1158 97 1202 141 S
1423 95 1522 143 367

191 223 237 263 Ρ.
252 210 332 252 121
346 222 388 248 v.
408 210 474 252 16.
528 207 799 247 Mediolanum
822 207 874 246 ad
899 209 1177 260 imperatorem
1198 186 1405 244 arcessitus
1424 206 1521 244 Gal-

83 269 170 326 lus,
195 279 287 305 cum
312 265 443 304 adhuc
470 267 513 304 in
541 267 682 303 itinere
715 271 819 303 esset
847 271 887 302 et
911 265 1171 302 Petobionem
1193 262 1383 314 oppidum
1405 265 1522 301 Nori-

78 337 218 362 corum
252 323 445 371 venisset,
485 335 510 359 a
537 322 774 360 Barbatione
798 322 941 358 oomite
970 319 1276 358 domesticorum
1303 320 1444 357 Polam
1471 318 1523 357 ad

80 381 238 420 Isti-iam
252 377 414 428 ductus,
442 390 559 416 causa
577 391 658 416 non
674 376 808 415 audita
819 406 832 426 ,
860 378 1032 416 abscissa
1051 378 1201 415 cervice
1217 383 1395 414 necatur.

150 512 236 552 vn.
293 511 654 551 coNSTAN'I'ms
681 511 755 549 ΕΤ
782 509 1024 548 IULIANUS
1056 510 1112 562 (l.
1141 511 1168 551 3
1198 522 1232 548 c.
1265 508 1460 560 1—30).

194 603 323 640 Huius
348 601 441 639 libri
468 601 599 652 priora
626 601 754 651 capita
780 600 998 638 Constantii
1023 605 1063 636 et
1088 599 1232 637 Iuliani
1258 597 1463 636 historiam
1491 604 1530 634 et

85 659 271 710 temporis
292 665 331 696 et
349 670 481 695 rerum
503 657 662 694 vinculo
682 669 772 694 cum
790 656 1055 707 superioribus
1075 657 1324 693 coniunctam
1349 667 1531 706 compre-

25 762 32 770 ·
82 713 292 763 hendunt,
327 721 534 765 utramque
570 713 764 750 sactorum
795 711 1142 750 memorandorum
1182 713 1295 778 eopia
1330 712 1530 758 refertam,

85 772 267 823 quamvis
302 770 502 822 praeclare
535 770 638 806 facta
671 770 814 806 Iuliani
842 769 1000 806 uberius
1028 775 1067 806 et
1094 769 1286 806 curiosius
1313 774 1531 805 memorata

85 828 187 876 sint,
216 840 307 864 cum
324 828 365 864 in
382 824 458 863 hac
474 832 585 877 parte
601 832 688 862 tum
707 826 747 862 in
766 825 908 872 altera,
934 837 1034 876 quae
1055 837 1077 861 a
1095 826 1221 875 capite
1240 822 1451 861 undecimo
1469 836 1531 860 res

83 883 136 920 ab
164 896 211 921 eo
241 889 331 934 post
355 889 523 919 mortem
553 882 770 919 Constantii
796 882 837 918 in
867 882 1035 931 imperio
1062 887 1193 930 gestas
1221 882 1410 918 continet.
1469 892 1531 916 res

83 946 220 977 autem
238 940 348 990 ipsae
370 938 425 975 ibi
446 937 612 975 traditae
635 944 673 974 et
692 938 741 974 ab
762 938 943 988 Eunapio
963 943 1167 987 sumptae,
1197 937 1378 988 quamvis
1401 934 1532 972 minor

84 1008 153 1034 eos
170 1002 324 1047 premat
341 995 511 1045 suspicio
532 994 661 1030 malae
682 992 775 1030 fidei
797 999 836 1030 et
857 993 1120 1044 sugillationis
1145 999 1213 1029 aut
1233 991 1354 1029 studii
1379 989 1533 1028 laudis-

84 1064 165 1103 que
197 1052 372 1090 oratione
403 1057 663 1100 exaggeratae
687 1050 870 1096 flctaeve,
909 1056 1043 1086 tamen
1075 1048 1128 1086 ad
1152 1047 1359 1086 historiam
1388 1048 1532 1084 Iuliani

85 1106 362 1146 illustrandam
398 1107 530 1143 minus
567 1104 715 1143 habent
755 1106 934 1142 utilitatis
970 1118 1090 1157 quam
1121 1117 1222 1157 quae
1250 1103 1303 1141 ad
1327 1103 1533 1142 historiam

87 1164 357 1210 Constantini,
386 1161 583 1215 siquidem
613 1168 651 1198 et
677 1162 821 1198 Iuliani
849 1162 974 1212 ipsius
1001 1162 1144 1212 scripta
1168 1167 1207 1198 et
1231 1160 1413 1212 inprimis
1433 1162 1534 1196 Am-

86 1221 212 1258 miani
239 1218 455 1267 habemus,
483 1219 627 1255 nobilis
656 1216 965 1268 historiographi
992 1224 1032 1254 et
1060 1219 1164 1254 iuter
1191 1217 1376 1269 aequales
1398 1217 1535 1253 excel-

87 1276 297 1314 lentissimi
321 1287 367 1312 ac
386 1288 458 1326 pro
477 1287 549 1312 sua
569 1281 696 1311 aetate
718 1273 976 1311 admirabilis.
1035 1286 1087 1310 ex
1112 1274 1255 1325 quibus
1281 1280 1320 1310 et
1342 1286 1396 1310 ex
1412 1273 1537 1310 Liba-

87 1333 155 1370 nio
179 1330 231 1368 ad
247 1332 397 1369 Zosimi
417 1343 566 1368 errores
586 1329 804 1378 tollendos,
831 1337 869 1367 et
891 1328 1112 1380 supplenda
1136 1342 1237 1381 quae
1254 1329 1302 1366 ab
1325 1342 1372 1366 eo
1391 1330 1537 1366 omissa

87 1395 204 1436 sunt,
233 1386 403 1424 derivari
433 1386 598 1438 possunt
626 1386 819 1437 plurima;
847 1383 910 1423 his
935 1387 1032 1436 ipsis
1056 1392 1189 1422 autem
1208 1385 1462 1436 scriptoribus
1484 1397 1537 1421 ex

88 1445 248 1482 Zosimo
276 1442 509 1494 supplendis
538 1443 712 1479 vicissim
742 1442 955 1490 nonnulla,
989 1454 1116 1492 pauca
1143 1449 1277 1478 tamen
1306 1442 1540 1488 inserviunt,

89 1501 212 1539 veluti
243 1500 318 1536 iter
347 1500 490 1537 Iuliani
519 1505 558 1535 et
581 1499 659 1535 alia
684 1499 726 1535 in
751 1497 1006 1549 expeditione
1031 1499 1115 1535 eius
1136 1499 1315 1544 Persica,
1344 1498 1542 1548 copiosius

90 1557 340 1608 aliquantum
361 1556 409 1592 ab
429 1568 477 1592 eo
494 1555 695 1605 exposita,
724 1567 826 1606 quae
846 1555 947 1591 sorte
962 1554 1032 1590 illa
1050 1560 1141 1591 sunt
1161 1566 1263 1605 quae
1284 1554 1369 1603 ipse
1389 1566 1424 1590 c.
1443 1555 1470 1593 2
1491 1552 1541 1588 ab

91 1613 180 1650 aliis
198 1613 343 1650 omissa
362 1624 561 1662 exponere
580 1611 684 1646 velle
702 1610 919 1660 profitetur.
975 1608 1047 1646 sed
1067 1623 1108 1646 v.
1129 1608 1181 1646 ad
1199 1623 1235 1645 e.
1257 1609 1288 1645 1.

201 1681 346 1731 p.122
364 1677 695 1718 v.4.1ulianus
716 1682 755 1712 et
771 1675 960 1712 Libanius
980 1675 1098 1712 urbes
1117 1674 1170 1715 45
1194 1681 1326 1726 captas
1346 1672 1543 1725 direptas-

91 1749 171 1788 que
199 1748 286 1772 esse
316 1740 533 1781 testantur,
562 1732 628 1769 hic
657 1733 699 1768 in
729 1732 905 1768 oratione
926 1732 1123 1768 consulari
1145 1729 1196 1767 ad
1220 1731 1440 1796 1ιι1ἰ”,ειιιιιιιι
1472 1730 1543 1766 ille

89 1793 134 1829 in
167 1790 332 1843 epistola
363 1789 416 1827 ad
443 1788 730 1827 Athenienses:
771 1786 887 1827 πέντε
921 1801 1002 1826 που
1033 1785 1101 1826 καὶ
1135 1781 1427 1839 τεσσαράκοντα
1462 1784 1544 1825 ἔστι

90 1848 199 1900 τείχη
228 1847 424 1944 ιζῖἒαδτῶν
449 1859 614 1899 πυργων
639 1842 710 1884 καὶ
734 1845 816 1883 τῶν
841 1839 1067 1884 ἐλασσόνων
1090 1843 1309 1896 φρουρίων.
1366 1842 1419 1879 cf.
1440 1843 1542 1879 Am·-

90 1905 215 1943 mian.

141 1972 146 1973 ’
204 1969 258 2008 ib.
278 1982 318 2007 v.
341 1971 407 2010 11.
462 1967 506 2005 in
536 1966 747 2005 Ammiano
774 1978 973 2018 nusquam
999 1965 1057 2003 rei
1081 1966 1203 2005 ullius
1224 1964 1494 2003 memorabilis
1514 1977 1538 2002 a

94 2027 210 2067 Gallo
227 2029 270 2064 in
290 2027 430 2063 Persas
451 2030 585 2075 gestae
604 2024 752 2060 mentio
774 2023 917 2060 iniecta
935 2029 1009 2060 est.

204 2108 246 2146 p·
270 2095 348 2135 123
367 2106 406 2129 v·
427 2094 493 2132 10.
549 2087 798 2141 τεθνήξεται.
852 2088 936 2127 vid.
955 2090 1155 2127 Ammian.
1181 2086 1234 2130 15
1262 2089 1289 2129 8
1318 2093 1358 2125 et
1384 2093 1540 2138 praeter

95 2151 267 2202 Eunapii
287 2149 431 2200 scripta
447 2147 591 2185 Iuliani
608 2146 659 2184 ad
674 2145 935 2184 Athenienses
956 2146 1135 2197 epistola.

98 2245 102 2247 Α
206 2207 264 2254 ih:
285 2230 324 2254 v.
341 2218 406 2257 18.
462 2215 642 2267 pluribus
667 2227 756 2252 eam
785 2227 871 2251 rem
899 2213 1102 2264 explicant
1128 2211 1365 2250 Ammianus
1389 2212 1443 2251 21
1476 2210 1545 2257 16,

92 2275 271 2313 Iulianus
291 2278 390 2312 orat.
408 2274 451 2312 7

209 2339 265 2376 ib.
290 2352 331 2377 v.
348 2340 415 2379 19.
471 2338 679 2375 lulianus·
666 2350 752 2388 ipse
781 2336 874 2388 (ep.
895 2334 948 2373 ad
965 2333 1140 2386 Athen.)
1167 2335 1336 2372 missum
1354 2346 1397 2370 se
1416 2344 1502 2368 esse
1521 2343 1546 2368 a

93 2396 360 2434 Constantio·
348 2408 391 2432 m
413 2395 584 2432 Galliam
601 2394 853 2445 conqueritur
869 2388 946 2432 οὐκ
945 2389 1139 2461 αρχοντα
1157 2393 1307 2442 μᾶλλον
1324 2403 1407 2428 των
1422 2387 1548 2427 ἐκεῖσε
1591 2421 1600 2432 ,

95 2447 423 2505 stramoniam
392 2467 420 2502 η
439 2455 524 2500 τοῖς
537 2450 662 2490 ἐκεῖσε
682 2452 911 2502 στρατηγοῖς
928 2443 1227 2488 ὑπακούσαντα.

212 2507 267 2544 ib.
289 2521 328 2544 v.
346 2510 415 2548 22.
472 2520 520 2544 ea
537 2520 599 2544 res
617 2519 639 2542 a
656 2507 816 2543 Zosimo
828 2506 932 2542 iusto
949 2505 1108 2542 brevius
1127 2501 1307 2552 exposita
1324 2505 1397 2536 est.
1443 2509 1546 2534 anno

101 2563 183 2604 357
201 2564 465 2611 Constantius,
493 2564 647 2600 Iuliano
668 2561 772 2600 dicto
793 2568 884 2599 ante
903 2561 1083 2607 Caesare,
1114 2570 1204 2595 cum
1222 2555 1411 2606 colloquii
1432 2565 1550 2590 causa

103 2632 193 2656 cum
218 2620 461 2670 principibus
489 2618 717 2666 Quadorum
746 2625 785 2655 et
810 2618 1082 2656 Sarmatarum
1109 2613 1161 2651 ad
1186 2615 1331 2650 Istrum
1352 2610 1551 2661 profectus

103 2676 317 2712 amicitiam
339 2683 378 2712 et
397 2676 626 2714 societatem
651 2675 870 2722 iunxisset,
900 2671 1099 2710 Chaonios
1124 2676 1163 2706 et
1183 2671 1370 2718 Iazyges,
1398 2667 1551 2716 impetu

101 2743 238 2769 eorum
259 2732 435 2782 repulso,
465 2731 670 2783 dissiparit
698 2730 859 2783 (Iulian.
877 2742 945 2781 ep.
962 2727 1015 2767 ad
1028 2725 1176 2768 Athen.
1192 2722 1393 2764 Themist.
1413 2734 1470 2760 or.
1486 2719 1550 2771 4).
