1812 3016
401 137 843 182 commimss
857 108 1227 188 ‘mstromcns
1349 118 1351 120 ’
1444 124 1539 189 371

211 256 255 296 p·
281 246 360 287 133
387 257 428 284 v·
447 246 493 287 8.
549 244 626 287 τοῦ
651 243 844 298 βασιλέως
872 241 977 289 υἱόν.
1033 248 1267 288 Ammianus
1296 249 1472 288 lulianus
1502 258 1541 290 et

102 299 291 341 munius
318 299 368 338 de
392 299 470 339 hac
490 315 532 340 re
553 308 705 351 tacent,
735 310 775 340 et
793 305 995 355 Ennapius
1012 310 1166 342 tantum
1195 306 1264 356 (in
1282 306 1541 358 fragmentis)

104 355 272 395 eandem
287 356 464 396 tradidit.
521 370 623 410 quse
641 360 683 396 in
701 357 777 397 hac
794 362 1015 398 narratione
1031 361 1186 399 turbata
1202 363 1294 410 sint,
1324 365 1404 400 iam
1423 377 1542 415 supra

101 413 166 463 (c.
181 411 263 463 49)
292 420 471 452 notatum
496 421 569 453 est.
628 415 749 453 etiam
777 429 889 469 seqq.
916 415 1070 456 videbis
1097 418 1293 469 copiosius
1315 419 1421 471 apud
1440 433 1541 458 eun·

102 467 196 507 dem
213 470 439 521 Ennapium
457 471 651 521 exposita.

213 524 269 563 ih.
293 537 333 563 v.
355 529 420 568 17.
482 526 588 564 Salii
607 528 710 564 inter
731 527 783 568 18
803 528 951 565 auxilia
970 527 1149 566 Palatina
1169 531 1349 580 magistri
1372 531 1544 569 militum

102 581 359 633 praesentalis
376 582 419 620 in
435 582 593 620 Oriente
610 583 1003 623 connumerabuntur.
1039 583 1121 623 vid.
1143 584 1369 623 Pam-hullt·
1384 586 1435 624 ad
1453 590 1543 626 Not.

103 638 201 689 imp.
221 651 262 689 p.
282 639 387 679 1836
405 639 446 675 iu
465 637 587 676 Thes.
608 640 748 676 Gmev.
769 646 798 677 t.
820 642 861 679 7.

212 707 255 745 p.
277 691 358 734 134
376 705 415 732 v.
435 694 476 736 5.
532 707 606 742 ne,
646 693 754 747 quod
793 696 928 732 petav.
956 693 1007 732 ad
1037 694 1178 734 Iulian.
1209 708 1267 735 or.
1296 701 1314 740 1
1351 710 1391 750 p.
1421 699 1476 742 28
1506 704 1544 736 et

105 748 256 800 Spanh.
285 747 336 786 ad
357 763 394 788 e.
421 750 450 787 l.
475 757 656 799 censent,
685 752 800 788 tertia
823 749 921 789 haec
941 751 1096 789 Nisibis
1114 752 1267 790 obsidio
1290 767 1326 791 a.
1346 756 1426 797 359
1449 768 1545 792 con-

105 805 195 843 ficta
224 806 275 843 sit
301 817 382 843 non
411 819 561 844 vereor.
619 809 775 858 saepius
798 807 955 846 obsessa
975 808 1087 855 urbs,
1117 809 1189 846 sub
1209 809 1436 848 Constantio
1456 812 1554 863 qui--

106 859 201 899 dem
223 862 317 908 338,
339 860 434 910 346,
461 863 562 910 350,
591 876 691 915 quae
720 870 915 914 postrema
944 865 1123 901 omnium
1151 867 1327 903 maxime
1352 867 1548 904 celebrata

107 923 167 955 est
178 917 431 968 oppugnatio.
487 931 590 955 nova
608 921 816 956 Persarum
833 919 1063 958 excursione
1079 916 1155 957 hoc
1173 932 1330 973 quoque
1349 935 1451 960 anno
1472 921 1548 960 ho-

107 973 239 1012 stilem
258 973 451 1024 impetum
472 976 668 1012 sustinuit.
726 977 899 1013 Zonaras
925 977 972 1016 13
1002 978 1027 1016 9
1056 976 1168 1013 extr?
1180 978 1299 1014 etiam
1318 979 1443 1016 Nisibi
1462 978 1548 1016 fru-

107 1035 188 1068 stra
216 1035 365 1067 tentata
390 1029 576 1067 Amidam
606 1044 628 1068 a
654 1030 784 1069 Persis
814 1038 1004 1068 tentatam
1032 1044 1116 1070 esse
1139 1039 1316 1072 testatur.
1373 1035 1549 1085 peccavit

108 1085 291 1130 Zosimus
322 1086 364 1122 in
397 1099 444 1124 eo
475 1086 583 1138 quod
611 1088 740 1124 locum
761 1101 783 1124 e
804 1088 947 1125 Iuliani
970 1094 1066 1125 orat.
1097 1087 1162 1139 (p.
1182 1091 1234 1130 28
1252 1090 1340 1141 sq.)
1369 1090 1422 1127 ad
1442 1089 1549 1133 huno

109 1153 259 1179 annum
284 1141 439 1189 retulit3
470 1142 619 1195 reliqua
646 1150 778 1180 tamen
802 1155 881 1180 non
901 1145 1035 1181 statim
1053 1145 1184 1194 respui
1204 1153 1387 1195 possunt,
1416 1146 1507 1199 quia
1525 1157 1550 1183 a

109 1197 268 1235 Zosimo
288 1197 374 1235 solo
393 1206 612 1236 narrantur.
669 1201 765 1251 quin
782 1198 850 1235 ille
874 1198 947 1237 hoc
968 1201 1217 1250 potissimum
1235 1199 1354 1239 habet
1370 1203 1552 1254 proposi-

108 1259 218 1302 tum,
243 1259 288 1290 ut
318 1254 541 1305 interponat
570 1267 616 1292 ea
642 1267 744 1306 quae
773 1256 891 1305 vulgo
915 1268 1054 1306 parum
1083 1263 1177 1293 nota
1204 1264 1348 1295 essent.
1405 1259 1456 1295 cf.
1478 1258 1553 1296 inf.

109 1307 162 1346 ad
195 1307 223 1349 4
261 1312 301 1350 7.
356 1310 622 1348 Lucillianum
647 1312 729 1348 iam
758 1324 845 1362 sup.
870 1314 897 1352 2
925 1310 979 1352 45
1010 1311 1197 1350 adversus
1224 1314 1364 1351 Persas
1386 1316 1553 1352 missum

109 1363 303 1412 vidimus,
340 1372 379 1404 st
409 1366 584 1416 legatum
611 1366 663 1404 ad
687 1368 876 1418 Saporem
904 1379 939 1404 a.
961 1368 1041 1408 358
1067 1379 1131 1418 ap.
1155 1370 1357 1407 Ammian.
1379 1371 1429 1411 17
1450 1378 1553 1410 extr.

110 1419 219 1463 idem
255 1420 357 1459 iufra
396 1422 438 1459 in
478 1423 638 1460 Zosimo
678 1426 703 1464 8
747 1425 797 1463 13
834 1423 938 1459 male
973 1420 1204 1473 Λουκιανός
1234 1425 1429 1463 scribitur.
1499 1426 1553 1464 cf.

110 1477 311 1516 Ammian-
340 1479 394 1520 23
422 1479 447 1518 3
476 1478 505 1516 f.
563 1477 667 1516 Add.
694 1482 719 1520 3
754 1478 806 1518 14
834 1481 859 1519 3
890 1478 980 1516 coll.
1038 1480 1238 1519 Ammian.
1258 1480 1314 1523 24
1345 1483 1367 1522 1
1397 1482 1553 1533 p.39o.

110 1534 244 1579 nescio
269 1545 320 1570 an
340 1532 449 1571 idem
467 1533 519 1572 sit
543 1535 692 1572 Ioviani
715 1547 824 1572 socer
843 1536 869 1574 3
898 1534 952 1575 35
985 1537 1022 1575 1.
1079 1537 1140 1572 H.

224 1587 279 1630 ib,
300 1601 342 1627 v.
369 1591 433 1630 10.
490 1603 634 1642 nempe
673 1591 847 1628 oratione
875 1591 1024 1641 prima,
1068 1603 1170 1642 quae
1204 1598 1263 1629 est
1292 1590 1342 1629 de
1371 1590 1555 1636 laudibus

114 1645 344 1683 Constantii.
401 1652 463 1684 ter
499 1653 632 1683 autem
669 1647 870 1683 obsessam
907 1658 992 1682 esse
1021 1647 1191 1683 Nisibim
1216 1648 1342 1685 Rufus
1372 1648 1555 1685 affirmat.

115 1699 216 1738 duae
232 1713 326 1751 prae
347 1701 485 1738 ceteris
507 1702 683 1752 insignes
703 1700 927 1739 obsidiones
947 1701 1120 1739 fuerunt.
1177 1704 1285 1753 prior
1307 1702 1438 1740 statim
1466 1708 1556 1755 post

115 1757 360 1796 Constantini
386 1756 537 1794 obitum
564 1758 727 1807 contigit
757 1755 914 1807 (337),
943 1756 1054 1794 cuius
1081 1759 1263 1795 meminit
1290 1759 1556 1810 Hieronymus

113 1812 156 1851 in
174 1811 323 1849 addicis
338 1812 396 1850 ad
410 1812 626 1850 Eusebium
642 1820 680 1850 et
697 1810 983 1862 Theophanes,
1014 1824 1116 1864 quae
1134 1812 1287 1851 duobus
1303 1815 1386 1852 fere
1404 1816 1556 1853 mensi-

113 1868 189 1907 bus
207 1868 347 1910 tenuit.
403 1869 595 1919 posterior
613 1869 772 1906 absente
790 1868 1016 1905 Constantio
1035 1875 1073 1905 et
1089 1870 1131 1905 in
1150 1869 1404 1908 Occidentem
1423 1878 1555 1908 contra

114 1930 302 1975 tyrannos
334 1925 530 1974 profecto,
562 1938 666 1962 anno
699 1926 799 1970 350,
830 1935 950 1974 quam
978 1924 1155 1962 Iulianus
1186 1932 1283 1963 orat.
1314 1927 1336 1966 1
1364 1939 1405 1977 p·
1429 1925 1482 1970 49
1516 1933 1557 1964 et

114 1977 391 2018 Theodoretns
416 1982 467 2017 H.
491 1981 597 2018 Eccl.
628 1982 651 2025 1
681 1981 736 2020 30
762 1977 1006 2028 describunt,
1034 1982 1217 2020 meminit
1240 1994 1333 2023 vero
1357 1983 1557 2020 Zosimus.

115 2033 189 2074 bas
221 2034 318 2074 duas
349 2035 572 2074 obsidiones
596 2038 637 2073 in
660 2047 782 2073 unam
807 2035 987 2073 conflavit
1014 2035 1309 2085 Theodoretus,
1339 2045 1378 2075 et
1406 2039 1556 2075 Zosimi

114 2098 315 2142 praeterea
335 2105 506 2130 errorem
524 2099 680 2130 secutus
699 2098 758 2128 est
776 2092 817 2128 in
840 2103 887 2128 eo
906 2090 1013 2144 quod
1030 2094 1255 2142 posterioris
1277 2106 1322 2130 ac
1346 2094 1556 2131 celeberri-

115 2160 206 2185 mae
239 2154 395 2198 tempus
423 2149 601 2199 pluribus
629 2148 741 2185 annis
771 2145 921 2185 tardius
949 2147 1205 2199 consignavit.
1261 2162 1356 2186 nam
1389 2148 1556 2197 obsidio,

118 2203 431 2254 qnam-Iulianus
449 2205 612 2256 exponit
628 2217 674 2242 ac
690 2215 811 2254 quam
828 2204 1009 2241 Zosimus
1022 2211 1060 2242 et
1070 2203 1344 2245 Theodoretus
1363 2206 1405 2241 in
1423 2206 1555 2245 animo

117 2257 362 2307 habuerunt,
390 2272 492 2298 anno
516 2260 598 2302 350
622 2258 829 2297 tribuenda
856 2265 934 2306 est,
964 2266 1175 2312 antequam
1192 2273 1274 2298 non
1294 2258 1412 2298 modo
1432 2260 1556 2298 Iulia-

118 2325 216 2362 nus,
243 2313 316 2352 sed
331 2328 382 2352 ne
402 2316 539 2354 Gallus
560 2314 742 2367 quidem,
773 2316 855 2352 eius
874 2315 1013 2364 frater,
1043 2317 1186 2354 Caesar
1204 2322 1318 2354 esset.
1348 2317 1552 2353 Petavim.

120 2371 409 2408 accuratissime
450 2370 571 2409 hocce
603 2372 754 2408 bellum
790 2372 993 2408 Persicum
1031 2373 1202 2423 explicat
1240 2373 1473 2409 Ammianus
1500 2372 1556 2412 20

122 2426 317 2467 18—22.
373 2439 475 2465 anno
501 2427 583 2468 358
608 2427 823 2478 legationes
845 2437 935 2464 cum
954 2426 1058 2464 inter
1075 2428 1346 2466 constantium
1367 2433 1405 2463 et
1425 2426 1555 2476 Sapo-

119 2493 205 2519 rem
228 2489 532 2530 commeassent,
570 2481 637 2520 hic
669 2495 772 2520 anno
799 2482 979 2534 sequenti
1008 2483 1115 2521 bello
1144 2489 1273 2522 coorto
1297 2479 1486 2519 Amidam
1514 2487 1555 2519 et

119 2549 223 2575 anno
245 2539 359 2575 tertio
388 2538 519 2589 (860)
548 2538 757 2589 Singaram
778 2545 817 2575 et
835 2537 1065 2577 Bezabdanf
1082 2539 1338 2590 expugnavit.

230 2592 285 2629 ib.
314 2605 355 2630 v.
383 2595 449 2634 16.
506 2595 680 2632 Iulianus
712 2608 775 2645 ep.
807 2593 859 2632 ad
889 2592 1172 2645 Athenienses:
1217 2593 1407 2633 πείθουσι
1444 2585 1556 2633 οὗτοι

122 2647 376 2697 (Pentadius,
403 2649 564 2698 Paulus,
594 2648 849 2698 Gaudentius,
876 2649 1151 2699 Florentinus)
1179 2644 1250 2689 τᾶν
1275 2644 1556 2688 Κωνστιίντιον

122 2698 340 2752 ἀφελέσθαι
359 2718 407 2756 με
423 2707 505 2744 ταῖν
525 2705 800 2757 στρατοπέδων
817 2703 1028 2753 ἁπάντων,
1057 2705 1152 2751 ἴσως
1166 2719 1204 2744 τι
1219 2701 1288 2744 καὶ
1302 2701 1384 2743 ὖπό
1401 2705 1471 2756 τῆς
1486 2704 1555 2755 ζη-

120 2759 308 2807 λοτυπίας
326 2762 407 2805 παῖε
427 2759 749 2814 κατορθωμάτων
768 2759 1014 2817 κνιζόμειςον.
