<?xml version="1.0" encoding="UTF-8"?>
<!DOCTYPE html PUBLIC "-//W3C//DTD XHTML 1.0 Transitional//EN"
    "http://www.w3.org/TR/xhtml1/DTD/xhtml1-transitional.dtd">
<html xmlns="http://www.w3.org/1999/xhtml" xml:lang="en" lang="en">
 <head>
  <title>
</title>
<meta http-equiv="Content-Type" content="text/html;charset=utf-8" />
  <meta name='ocr-system' content='tesseract 3.04.00' />
  <meta name='ocr-capabilities' content='ocr_page ocr_carea ocr_par ocr_line ocrx_word'/>
</head>
<body>
  <div class='ocr_page' id='page_1' title='image "./corpusscriptorum50niebuoft_0439.png"; bbox 0 0 1812 3016; ppageno 0'>
   <div class='ocr_carea' id='block_1_1' title="bbox 422 72 1551 120">
    <p class='ocr_par' dir='ltr' id='par_1_1' title="bbox 422 72 1551 120">
     <span class='ocr_line' id='line_1_1' title="bbox 422 72 1551 120; baseline 0 0"><span class='ocrx_word' id='word_1_1' title='bbox 422 74 862 120; x_wconf 77' lang='lat' dir='ltr'><strong>COMMENTARIUS</strong></span> <span class='ocrx_word' id='word_1_2' title='bbox 888 73 1241 120; x_wconf 80' lang='lat' dir='ltr'><strong>mSTORICUS.</strong></span> <span class='ocrx_word' id='word_1_3' title='bbox 1454 72 1551 120; x_wconf 76' lang='lat'><strong>393</strong></span> 
     </span>
    </p>
   </div>
   <div class='ocr_carea' id='block_1_2' title="bbox 116 183 1573 2746">
    <p class='ocr_par' dir='ltr' id='par_1_2' title="bbox 116 183 1562 904">
     <span class='ocr_line' id='line_1_2' title="bbox 117 183 1555 238; baseline -0.001 -14"><span class='ocrx_word' id='word_1_4' title='bbox 117 197 221 238; x_wconf 73' lang='lat' dir='ltr'><strong>guae</strong></span> <span class='ocrx_word' id='word_1_5' title='bbox 239 184 479 238; x_wconf 72' lang='lat' dir='ltr'><strong>profusionis</strong></span> <span class='ocrx_word' id='word_1_6' title='bbox 498 184 806 237; x_wconf 71' lang='lat' dir='ltr'><strong>opportunitates</strong></span> <span class='ocrx_word' id='word_1_7' title='bbox 827 190 868 223; x_wconf 87' lang='lat' dir='ltr'><strong>et</strong></span> <span class='ocrx_word' id='word_1_8' title='bbox 888 184 1023 236; x_wconf 81' lang='lat' dir='ltr'><strong>copiae</strong></span> <span class='ocrx_word' id='word_1_9' title='bbox 1041 190 1147 222; x_wconf 85' lang='lat' dir='ltr'><strong>sunt.</strong></span> <span class='ocrx_word' id='word_1_10' title='bbox 1202 197 1282 222; x_wconf 90' lang='lat' dir='ltr'><strong>non</strong></span> <span class='ocrx_word' id='word_1_11' title='bbox 1308 183 1430 235; x_wconf 85' lang='lat' dir='ltr'><strong>probo</strong></span> <span class='ocrx_word' id='word_1_12' title='bbox 1457 197 1555 222; x_wconf 85' lang='lat' dir='ltr'><strong>acu-</strong></span> 
     </span>
     <span class='ocr_line' id='line_1_3' title="bbox 116 237 1554 294; baseline -0.001 -14"><span class='ocrx_word' id='word_1_13' title='bbox 116 237 212 280; x_wconf 59' lang='lat' dir='ltr'><strong>men</strong></span> <span class='ocrx_word' id='word_1_14' title='bbox 237 243 459 294; x_wconf 78' lang='lat' dir='ltr'><strong>scriptoris3</strong></span> <span class='ocrx_word' id='word_1_15' title='bbox 494 239 602 279; x_wconf 82' lang='lat' dir='ltr'><strong>hunc</strong></span> <span class='ocrx_word' id='word_1_16' title='bbox 626 249 759 279; x_wconf 87' lang='lat' dir='ltr'><strong>tamen</strong></span> <span class='ocrx_word' id='word_1_17' title='bbox 779 242 823 278; x_wconf 87' lang='lat' dir='ltr'><strong>in</strong></span> <span class='ocrx_word' id='word_1_18' title='bbox 842 253 1002 279; x_wconf 86' lang='lat' dir='ltr'><strong>sensum</strong></span> <span class='ocrx_word' id='word_1_19' title='bbox 1020 241 1140 278; x_wconf 76' lang='lat' dir='ltr'><strong>verba</strong></span> <span class='ocrx_word' id='word_1_20' title='bbox 1158 253 1243 278; x_wconf 86' lang='lat' dir='ltr'><strong>esse</strong></span> <span class='ocrx_word' id='word_1_21' title='bbox 1261 239 1364 278; x_wconf 86' lang='lat' dir='ltr'><strong>dicta</strong></span> <span class='ocrx_word' id='word_1_22' title='bbox 1380 241 1554 278; x_wconf 80' lang='lat' dir='ltr'><strong>manife-</strong></span> 
     </span>
     <span class='ocr_line' id='line_1_4' title="bbox 118 295 1552 349; baseline -0.001 -13"><span class='ocrx_word' id='word_1_23' title='bbox 118 304 227 336; x_wconf 78' lang='lat' dir='ltr'><strong>stum</strong></span> <span class='ocrx_word' id='word_1_24' title='bbox 248 297 308 335; x_wconf 76' lang='lat' dir='ltr'><strong>fit.</strong></span> <span class='ocrx_word' id='word_1_25' title='bbox 362 310 437 335; x_wconf 87' lang='lat' dir='ltr'><strong>neo</strong></span> <span class='ocrx_word' id='word_1_26' title='bbox 466 298 600 349; x_wconf 88' lang='lat' dir='ltr'><strong>paullo</strong></span> <span class='ocrx_word' id='word_1_27' title='bbox 626 305 716 335; x_wconf 85' lang='lat' dir='ltr'><strong>ante</strong></span> <span class='ocrx_word' id='word_1_28' title='bbox 745 298 948 349; x_wconf 73' lang='grc' dir='ltr'><strong>θρίαμβον</strong></span> <span class='ocrx_word' id='word_1_29' title='bbox 973 295 1140 337; x_wconf 68' lang='grc' dir='ltr'><strong>ἐκτελῶν</strong></span> <span class='ocrx_word' id='word_1_30' title='bbox 1169 295 1219 334; x_wconf 89' lang='lat' dir='ltr'><strong>de</strong></span> <span class='ocrx_word' id='word_1_31' title='bbox 1238 309 1330 334; x_wconf 71' lang='lat' dir='ltr'><strong>vero</strong></span> <span class='ocrx_word' id='word_1_32' title='bbox 1353 295 1552 348; x_wconf 85' lang='lat' dir='ltr'><strong>triumpho</strong></span> 
     </span>
     <span class='ocr_line' id='line_1_5' title="bbox 118 352 1559 404; baseline -0.002 -12"><span class='ocrx_word' id='word_1_33' title='bbox 118 352 393 404; x_wconf 72' lang='lat' dir='ltr'><strong>accipiendum</strong></span> <span class='ocrx_word' id='word_1_34' title='bbox 417 360 500 402; x_wconf 79' lang='lat' dir='ltr'><strong>est3</strong></span> <span class='ocrx_word' id='word_1_35' title='bbox 527 354 657 404; x_wconf 83' lang='lat' dir='ltr'><strong>agitur</strong></span> <span class='ocrx_word' id='word_1_36' title='bbox 683 352 733 390; x_wconf 86' lang='lat' dir='ltr'><strong>de</strong></span> <span class='ocrx_word' id='word_1_37' title='bbox 757 354 937 404; x_wconf 85' lang='lat' dir='ltr'><strong>ingressu</strong></span> <span class='ocrx_word' id='word_1_38' title='bbox 962 353 1005 390; x_wconf 93' lang='lat' dir='ltr'><strong>in</strong></span> <span class='ocrx_word' id='word_1_39' title='bbox 1034 353 1173 390; x_wconf 86' lang='lat' dir='ltr'><strong>urbem</strong></span> <span class='ocrx_word' id='word_1_40' title='bbox 1193 353 1349 403; x_wconf 86' lang='lat' dir='ltr'><strong>Cpolim</strong></span> <span class='ocrx_word' id='word_1_41' title='bbox 1363 353 1559 390; x_wconf 75' lang='lat' dir='ltr'><strong>Novemb.</strong></span> 
     </span>
     <span class='ocr_line' id='line_1_6' title="bbox 120 407 1559 461; baseline -0.001 -14"><span class='ocrx_word' id='word_1_42' title='bbox 120 421 160 447; x_wconf 68' lang='lat' dir='ltr'><strong>a.</strong></span> <span class='ocrx_word' id='word_1_43' title='bbox 185 411 280 451; x_wconf 77' lang='grc'><strong>880.</strong></span> <span class='ocrx_word' id='word_1_44' title='bbox 334 410 469 461; x_wconf 81' lang='lat' dir='ltr'><strong>itaque</strong></span> <span class='ocrx_word' id='word_1_45' title='bbox 493 421 568 446; x_wconf 83' lang='lat' dir='ltr'><strong>nec</strong></span> <span class='ocrx_word' id='word_1_46' title='bbox 594 415 772 460; x_wconf 84' lang='lat' dir='ltr'><strong>tempora</strong></span> <span class='ocrx_word' id='word_1_47' title='bbox 802 416 1043 460; x_wconf 72' lang='lat' dir='ltr'>permutasse</span> <span class='ocrx_word' id='word_1_48' title='bbox 1066 409 1248 446; x_wconf 75' lang='lat' dir='ltr'><strong>Zosimus</strong></span> <span class='ocrx_word' id='word_1_49' title='bbox 1276 407 1401 446; x_wconf 78' lang='lat' dir='ltr'><strong>videri</strong></span> <span class='ocrx_word' id='word_1_50' title='bbox 1427 407 1559 446; x_wconf 81' lang='lat' dir='ltr'><strong>debet.</strong></span> 
     </span>
     <span class='ocr_line' id='line_1_7' title="bbox 121 465 1559 516; baseline -0.001 -13"><span class='ocrx_word' id='word_1_51' title='bbox 121 465 284 504; x_wconf 78' lang='lat' dir='ltr'><strong>omino</strong></span> <span class='ocrx_word' id='word_1_52' title='bbox 307 465 443 514; x_wconf 86' lang='lat' dir='ltr'><strong>illius,</strong></span> <span class='ocrx_word' id='word_1_53' title='bbox 469 471 537 502; x_wconf 86' lang='lat' dir='ltr'><strong>aut</strong></span> <span class='ocrx_word' id='word_1_54' title='bbox 562 466 693 515; x_wconf 87' lang='lat' dir='ltr'><strong>potius</strong></span> <span class='ocrx_word' id='word_1_55' title='bbox 715 465 936 516; x_wconf 87' lang='lat' dir='ltr'><strong>scriptoris,</strong></span> <span class='ocrx_word' id='word_1_56' title='bbox 966 477 1083 516; x_wconf 90' lang='lat' dir='ltr'><strong>quem</strong></span> <span class='ocrx_word' id='word_1_57' title='bbox 1105 465 1175 501; x_wconf 91' lang='lat' dir='ltr'><strong>ille</strong></span> <span class='ocrx_word' id='word_1_58' title='bbox 1195 466 1392 515; x_wconf 88' lang='lat' dir='ltr'><strong>sequitur,</strong></span> <span class='ocrx_word' id='word_1_59' title='bbox 1422 471 1559 502; x_wconf 87' lang='lat' dir='ltr'><strong>aucto-</strong></span> 
     </span>
     <span class='ocr_line' id='line_1_8' title="bbox 121 518 1558 572; baseline -0.001 -14"><span class='ocrx_word' id='word_1_60' title='bbox 121 521 279 558; x_wconf 83' lang='lat' dir='ltr'><strong>ritatem</strong></span> <span class='ocrx_word' id='word_1_61' title='bbox 299 522 344 558; x_wconf 88' lang='lat' dir='ltr'><strong>iu</strong></span> <span class='ocrx_word' id='word_1_62' title='bbox 360 518 579 558; x_wconf 84' lang='lat' dir='ltr'><strong>Theodosii</strong></span> <span class='ocrx_word' id='word_1_63' title='bbox 600 521 717 558; x_wconf 85' lang='lat' dir='ltr'><strong>rebus</strong></span> <span class='ocrx_word' id='word_1_64' title='bbox 737 521 861 558; x_wconf 87' lang='lat' dir='ltr'><strong>nolim</strong></span> <span class='ocrx_word' id='word_1_65' title='bbox 884 520 1069 572; x_wconf 81' lang='lat' dir='ltr'><strong>equidem</strong></span> <span class='ocrx_word' id='word_1_66' title='bbox 1085 532 1244 571; x_wconf 84' lang='lat' dir='ltr'><strong>prorsus</strong></span> <span class='ocrx_word' id='word_1_67' title='bbox 1261 519 1492 557; x_wconf 72' lang='lat' dir='ltr'><strong>elevandam</strong></span> <span class='ocrx_word' id='word_1_68' title='bbox 1512 533 1558 557; x_wconf 86' lang='lat' dir='ltr'><strong>ac</strong></span> 
     </span>
     <span class='ocr_line' id='line_1_9' title="bbox 122 574 1558 628; baseline -0.001 -14"><span class='ocrx_word' id='word_1_69' title='bbox 122 575 386 628; x_wconf 78' lang='lat' dir='ltr'><strong>spernendam</strong></span> <span class='ocrx_word' id='word_1_70' title='bbox 410 574 569 614; x_wconf 87' lang='lat' dir='ltr'><strong>habere.</strong></span> <span class='ocrx_word' id='word_1_71' title='bbox 626 589 727 628; x_wconf 82' lang='lat' dir='ltr'><strong>quae</strong></span> <span class='ocrx_word' id='word_1_72' title='bbox 755 578 861 614; x_wconf 90' lang='lat' dir='ltr'><strong>enim</strong></span> <span class='ocrx_word' id='word_1_73' title='bbox 889 575 937 614; x_wconf 89' lang='lat' dir='ltr'><strong>de</strong></span> <span class='ocrx_word' id='word_1_74' title='bbox 964 577 1191 628; x_wconf 74' lang='lat' dir='ltr'><strong>corruptelis</strong></span> <span class='ocrx_word' id='word_1_75' title='bbox 1211 577 1324 613; x_wconf 90' lang='lat' dir='ltr'><strong>aulae</strong></span> <span class='ocrx_word' id='word_1_76' title='bbox 1346 583 1384 613; x_wconf 83' lang='lat' dir='ltr'><strong>et</strong></span> <span class='ocrx_word' id='word_1_77' title='bbox 1402 577 1558 627; x_wconf 88' lang='lat' dir='ltr'><strong>imperii</strong></span> 
     </span>
     <span class='ocr_line' id='line_1_10' title="bbox 122 631 1558 684; baseline -0.001 -14"><span class='ocrx_word' id='word_1_78' title='bbox 122 638 413 680; x_wconf 69' lang='lat' dir='ltr'><strong>memorantur,</strong></span> <span class='ocrx_word' id='word_1_79' title='bbox 450 645 541 669; x_wconf 82' lang='lat' dir='ltr'><strong>cum</strong></span> <span class='ocrx_word' id='word_1_80' title='bbox 567 645 698 669; x_wconf 86' lang='lat' dir='ltr'><strong>rerum</strong></span> <span class='ocrx_word' id='word_1_81' title='bbox 725 631 948 670; x_wconf 89' lang='lat' dir='ltr'><strong>conditione</strong></span> <span class='ocrx_word' id='word_1_82' title='bbox 975 634 1142 669; x_wconf 89' lang='lat' dir='ltr'><strong>nimium</strong></span> <span class='ocrx_word' id='word_1_83' title='bbox 1168 633 1427 681; x_wconf 74' lang='lat' dir='ltr'><strong>conveniunt,</strong></span> <span class='ocrx_word' id='word_1_84' title='bbox 1457 645 1558 684; x_wconf 84' lang='lat' dir='ltr'><strong>quae</strong></span> 
     </span>
     <span class='ocr_line' id='line_1_11' title="bbox 122 687 1561 740; baseline 0 -15"><span class='ocrx_word' id='word_1_85' title='bbox 122 694 194 725; x_wconf 74' lang='lat' dir='ltr'><strong>aut</strong></span> <span class='ocrx_word' id='word_1_86' title='bbox 213 694 299 726; x_wconf 81' lang='lat' dir='ltr'><strong>tum</strong></span> <span class='ocrx_word' id='word_1_87' title='bbox 323 687 402 726; x_wconf 82' lang='lat' dir='ltr'><strong>fuit</strong></span> <span class='ocrx_word' id='word_1_88' title='bbox 421 694 489 726; x_wconf 88' lang='lat' dir='ltr'><strong>aut</strong></span> <span class='ocrx_word' id='word_1_89' title='bbox 507 688 580 726; x_wconf 87' lang='lat' dir='ltr'><strong>sub</strong></span> <span class='ocrx_word' id='word_1_90' title='bbox 596 688 686 726; x_wconf 85' lang='lat' dir='ltr'><strong>filiis</strong></span> <span class='ocrx_word' id='word_1_91' title='bbox 701 690 873 726; x_wconf 83' lang='lat' dir='ltr'><strong>Honorio</strong></span> <span class='ocrx_word' id='word_1_92' title='bbox 894 695 933 726; x_wconf 91' lang='lat' dir='ltr'><strong>et</strong></span> <span class='ocrx_word' id='word_1_93' title='bbox 949 687 1117 726; x_wconf 81' lang='lat' dir='ltr'><strong>Arcadio</strong></span> <span class='ocrx_word' id='word_1_94' title='bbox 1136 690 1311 725; x_wconf 84' lang='lat' dir='ltr'><strong>insecuta</strong></span> <span class='ocrx_word' id='word_1_95' title='bbox 1331 695 1403 725; x_wconf 89' lang='lat' dir='ltr'><strong>est.</strong></span> <span class='ocrx_word' id='word_1_96' title='bbox 1460 701 1561 740; x_wconf 89' lang='lat' dir='ltr'><strong>quo-</strong></span> 
     </span>
     <span class='ocr_line' id='line_1_12' title="bbox 123 742 1562 795; baseline -0.001 -14"><span class='ocrx_word' id='word_1_97' title='bbox 123 755 214 781; x_wconf 77' lang='lat' dir='ltr'><strong>rum</strong></span> <span class='ocrx_word' id='word_1_98' title='bbox 239 744 348 781; x_wconf 69' lang='lat' dir='ltr'><strong>enim</strong></span> <span class='ocrx_word' id='word_1_99' title='bbox 376 744 571 781; x_wconf 77' lang='lat' dir='ltr'><strong>malorum</strong></span> <span class='ocrx_word' id='word_1_100' title='bbox 600 742 666 781; x_wconf 86' lang='lat' dir='ltr'><strong>hic</strong></span> <span class='ocrx_word' id='word_1_101' title='bbox 695 746 869 782; x_wconf 73' lang='lat' dir='ltr'><strong>excrevit</strong></span> <span class='ocrx_word' id='word_1_102' title='bbox 898 757 1032 795; x_wconf 89' lang='lat' dir='ltr'><strong>seges,</strong></span> <span class='ocrx_word' id='word_1_103' title='bbox 1060 746 1161 782; x_wconf 88' lang='lat' dir='ltr'><strong>iacta</strong></span> <span class='ocrx_word' id='word_1_104' title='bbox 1183 751 1292 781; x_wconf 86' lang='lat' dir='ltr'><strong>erant</strong></span> <span class='ocrx_word' id='word_1_105' title='bbox 1313 745 1464 781; x_wconf 89' lang='lat' dir='ltr'><strong>semina</strong></span> <span class='ocrx_word' id='word_1_106' title='bbox 1480 746 1562 780; x_wconf 89' lang='lat' dir='ltr'><strong>iam</strong></span> 
     </span>
     <span class='ocr_line' id='line_1_13' title="bbox 122 797 1562 852; baseline -0.001 -14"><span class='ocrx_word' id='word_1_107' title='bbox 122 800 387 851; x_wconf 82' lang='lat' dir='ltr'><strong>superioribus</strong></span> <span class='ocrx_word' id='word_1_108' title='bbox 410 797 630 848; x_wconf 74' lang='lat' dir='ltr'><strong>Theodosii</strong></span> <span class='ocrx_word' id='word_1_109' title='bbox 657 800 911 850; x_wconf 76' lang='lat' dir='ltr'><strong>temporibus.</strong></span> <span class='ocrx_word' id='word_1_110' title='bbox 969 813 1047 852; x_wconf 90' lang='lat' dir='ltr'><strong>quo</strong></span> <span class='ocrx_word' id='word_1_111' title='bbox 1078 801 1206 850; x_wconf 86' lang='lat' dir='ltr'><strong>magis</strong></span> <span class='ocrx_word' id='word_1_112' title='bbox 1232 801 1352 837; x_wconf 89' lang='lat' dir='ltr'><strong>miror</strong></span> <span class='ocrx_word' id='word_1_113' title='bbox 1380 801 1562 837; x_wconf 61' lang='lat' dir='ltr'><strong>acutissi-</strong></span> 
     </span>
     <span class='ocr_line' id='line_1_14' title="bbox 123 855 1463 904; baseline -0.001 -11"><span class='ocrx_word' id='word_1_114' title='bbox 123 867 237 893; x_wconf 81' lang='lat' dir='ltr'><strong>mum</strong></span> <span class='ocrx_word' id='word_1_115' title='bbox 258 856 409 903; x_wconf 80' lang='lat' dir='ltr'><strong>virum,</strong></span> <span class='ocrx_word' id='word_1_116' title='bbox 438 856 663 894; x_wconf 87' lang='lat' dir='ltr'><strong>Gibbonnm</strong></span> <span class='ocrx_word' id='word_1_117' title='bbox 676 884 687 904; x_wconf 95' lang='lat'><strong>,</strong></span> <span class='ocrx_word' id='word_1_118' title='bbox 715 863 822 892; x_wconf 86' lang='lat' dir='ltr'><strong>tanta</strong></span> <span class='ocrx_word' id='word_1_119' title='bbox 842 857 883 893; x_wconf 91' lang='lat' dir='ltr'><strong>in</strong></span> <span class='ocrx_word' id='word_1_120' title='bbox 902 869 994 893; x_wconf 88' lang='lat' dir='ltr'><strong>eum</strong></span> <span class='ocrx_word' id='word_1_121' title='bbox 1012 855 1255 904; x_wconf 82' lang='lat' dir='ltr'><strong>indulgentia</strong></span> <span class='ocrx_word' id='word_1_122' title='bbox 1274 857 1344 892; x_wconf 88' lang='lat' dir='ltr'><strong>uti.</strong></span> <span class='ocrx_word' id='word_1_123' title='bbox 1402 856 1463 892; x_wconf 87' lang='lat' dir='ltr'><strong>H.</strong></span> 
     </span>
    </p>

    <p class='ocr_par' dir='ltr' id='par_1_3' title="bbox 124 910 1560 1130">
     <span class='ocr_line' id='line_1_15' title="bbox 234 910 1560 963; baseline 0 -15"><span class='ocrx_word' id='word_1_124' title='bbox 234 923 276 962; x_wconf 87' lang='lat' dir='ltr'><strong>p.</strong></span> <span class='ocrx_word' id='word_1_125' title='bbox 295 912 376 951; x_wconf 82' lang='lat'><strong>211</strong></span> <span class='ocrx_word' id='word_1_126' title='bbox 394 924 434 948; x_wconf 80' lang='lat' dir='ltr'><strong>v-</strong></span> <span class='ocrx_word' id='word_1_127' title='bbox 451 912 519 952; x_wconf 83' lang='lat'><strong>18.</strong></span> <span class='ocrx_word' id='word_1_128' title='bbox 575 924 666 948; x_wconf 85' lang='lat' dir='ltr'><strong>cum</strong></span> <span class='ocrx_word' id='word_1_129' title='bbox 694 910 926 949; x_wconf 86' lang='lat' dir='ltr'><strong>detrimento</strong></span> <span class='ocrx_word' id='word_1_130' title='bbox 953 913 1009 949; x_wconf 90' lang='lat' dir='ltr'><strong>rei</strong></span> <span class='ocrx_word' id='word_1_131' title='bbox 1034 912 1214 963; x_wconf 88' lang='lat' dir='ltr'><strong>publicae</strong></span> <span class='ocrx_word' id='word_1_132' title='bbox 1241 912 1454 962; x_wconf 85' lang='lat' dir='ltr'><strong>imperator</strong></span> <span class='ocrx_word' id='word_1_133' title='bbox 1477 911 1560 948; x_wconf 88' lang='lat' dir='ltr'><strong>Go-</strong></span> 
     </span>
     <span class='ocr_line' id='line_1_16' title="bbox 124 963 1559 1018; baseline 0 -14"><span class='ocrx_word' id='word_1_134' title='bbox 124 963 236 1014; x_wconf 79' lang='lat' dir='ltr'><strong>thos,</strong></span> <span class='ocrx_word' id='word_1_135' title='bbox 267 973 476 1018; x_wconf 76' lang='lat' dir='ltr'><strong>postquam</strong></span> <span class='ocrx_word' id='word_1_136' title='bbox 491 979 637 1004; x_wconf 85' lang='lat' dir='ltr'><strong>nomen</strong></span> <span class='ocrx_word' id='word_1_137' title='bbox 658 980 792 1005; x_wconf 89' lang='lat' dir='ltr'><strong>eorum</strong></span> <span class='ocrx_word' id='word_1_138' title='bbox 812 967 942 1005; x_wconf 89' lang='lat' dir='ltr'><strong>delere</strong></span> <span class='ocrx_word' id='word_1_139' title='bbox 958 968 1101 1005; x_wconf 78' lang='lat' dir='ltr'><strong>frustra</strong></span> <span class='ocrx_word' id='word_1_140' title='bbox 1118 974 1307 1014; x_wconf 86' lang='lat' dir='ltr'><strong>tentarat,</strong></span> <span class='ocrx_word' id='word_1_141' title='bbox 1338 967 1468 1004; x_wconf 89' lang='lat' dir='ltr'><strong>oblata</strong></span> <span class='ocrx_word' id='word_1_142' title='bbox 1488 980 1559 1017; x_wconf 88' lang='lat' dir='ltr'><strong>per</strong></span> 
     </span>
     <span class='ocr_line' id='line_1_17' title="bbox 125 1022 1559 1075; baseline 0.001 -16"><span class='ocrx_word' id='word_1_143' title='bbox 125 1022 382 1060; x_wconf 85' lang='lat' dir='ltr'><strong>Saturninum</strong></span> <span class='ocrx_word' id='word_1_144' title='bbox 412 1023 516 1060; x_wconf 87' lang='lat' dir='ltr'><strong>ultro</strong></span> <span class='ocrx_word' id='word_1_145' title='bbox 543 1036 639 1074; x_wconf 87' lang='lat' dir='ltr'><strong>pace</strong></span> <span class='ocrx_word' id='word_1_146' title='bbox 666 1025 708 1060; x_wconf 91' lang='lat' dir='ltr'><strong>in</strong></span> <span class='ocrx_word' id='word_1_147' title='bbox 733 1023 831 1061; x_wconf 82' lang='lat' dir='ltr'><strong>fines</strong></span> <span class='ocrx_word' id='word_1_148' title='bbox 855 1025 1012 1075; x_wconf 86' lang='lat' dir='ltr'><strong>imperii</strong></span> <span class='ocrx_word' id='word_1_149' title='bbox 1031 1025 1199 1075; x_wconf 90' lang='lat' dir='ltr'><strong>recepit,</strong></span> <span class='ocrx_word' id='word_1_150' title='bbox 1230 1035 1424 1074; x_wconf 85' lang='lat' dir='ltr'><strong>agrosque</strong></span> <span class='ocrx_word' id='word_1_151' title='bbox 1443 1024 1500 1060; x_wconf 88' lang='lat' dir='ltr'><strong>eis</strong></span> <span class='ocrx_word' id='word_1_152' title='bbox 1516 1024 1559 1060; x_wconf 92' lang='lat' dir='ltr'><strong>in</strong></span> 
     </span>
     <span class='ocr_line' id='line_1_18' title="bbox 124 1078 1475 1130; baseline 0.001 -16"><span class='ocrx_word' id='word_1_153' title='bbox 124 1078 275 1115; x_wconf 76' lang='lat' dir='ltr'><strong>Moesia</strong></span> <span class='ocrx_word' id='word_1_154' title='bbox 293 1084 333 1115; x_wconf 92' lang='lat' dir='ltr'><strong>et</strong></span> <span class='ocrx_word' id='word_1_155' title='bbox 348 1079 471 1116; x_wconf 81' lang='lat' dir='ltr'><strong>Dacia</strong></span> <span class='ocrx_word' id='word_1_156' title='bbox 487 1080 633 1130; x_wconf 81' lang='lat' dir='ltr'><strong>ripensi</strong></span> <span class='ocrx_word' id='word_1_157' title='bbox 650 1080 876 1130; x_wconf 78' lang='lat' dir='ltr'><strong>assignavit.</strong></span> <span class='ocrx_word' id='word_1_158' title='bbox 932 1080 1120 1130; x_wconf 82' lang='lat' dir='ltr'><strong>Synesius</strong></span> <span class='ocrx_word' id='word_1_159' title='bbox 1140 1078 1189 1116; x_wconf 89' lang='lat' dir='ltr'><strong>de</strong></span> <span class='ocrx_word' id='word_1_160' title='bbox 1209 1092 1329 1129; x_wconf 87' lang='lat' dir='ltr'><strong>reguo</strong></span> <span class='ocrx_word' id='word_1_161' title='bbox 1347 1092 1388 1129; x_wconf 88' lang='lat' dir='ltr'><strong>p.</strong></span> <span class='ocrx_word' id='word_1_162' title='bbox 1406 1078 1475 1119; x_wconf 88' lang='grc'><strong>25.</strong></span> 
     </span>
    </p>

    <p class='ocr_par' dir='ltr' id='par_1_4' title="bbox 124 1131 1565 1728">
     <span class='ocr_line' id='line_1_19' title="bbox 237 1131 1560 1186; baseline 0.001 -17"><span class='ocrx_word' id='word_1_163' title='bbox 237 1131 291 1170; x_wconf 82' lang='lat' dir='ltr'><strong>ib.</strong></span> <span class='ocrx_word' id='word_1_164' title='bbox 311 1146 352 1171; x_wconf 76' lang='lat' dir='ltr'><strong>v-</strong></span> <span class='ocrx_word' id='word_1_165' title='bbox 370 1135 440 1175; x_wconf 84' lang='lat'><strong>21.</strong></span> <span class='ocrx_word' id='word_1_166' title='bbox 493 1136 598 1172; x_wconf 80' lang='lat' dir='ltr'><strong>vitae</strong></span> <span class='ocrx_word' id='word_1_167' title='bbox 629 1135 798 1173; x_wconf 85' lang='lat' dir='ltr'><strong>luxuriis</strong></span> <span class='ocrx_word' id='word_1_168' title='bbox 825 1148 871 1172; x_wconf 86' lang='lat' dir='ltr'><strong>ac</strong></span> <span class='ocrx_word' id='word_1_169' title='bbox 899 1135 1163 1186; x_wconf 74' lang='lat' dir='ltr'><strong>voluptatibus</strong></span> <span class='ocrx_word' id='word_1_170' title='bbox 1191 1133 1346 1171; x_wconf 88' lang='lat' dir='ltr'><strong>deditae</strong></span> <span class='ocrx_word' id='word_1_171' title='bbox 1373 1140 1507 1171; x_wconf 87' lang='lat' dir='ltr'><strong>notam</strong></span> <span class='ocrx_word' id='word_1_172' title='bbox 1535 1146 1560 1170; x_wconf 85' lang='lat' dir='ltr'><strong>a</strong></span> 
     </span>
     <span class='ocr_line' id='line_1_20' title="bbox 124 1186 1561 1242; baseline -0.001 -15"><span class='ocrx_word' id='word_1_173' title='bbox 124 1186 355 1227; x_wconf 77' lang='lat' dir='ltr'><strong>Theodosio</strong></span> <span class='ocrx_word' id='word_1_174' title='bbox 389 1202 520 1242; x_wconf 88' lang='lat' dir='ltr'><strong>neque</strong></span> <span class='ocrx_word' id='word_1_175' title='bbox 555 1191 709 1238; x_wconf 86' lang='lat' dir='ltr'><strong>Victor,</strong></span> <span class='ocrx_word' id='word_1_176' title='bbox 755 1192 887 1242; x_wconf 87' lang='lat' dir='ltr'><strong>legem</strong></span> <span class='ocrx_word' id='word_1_177' title='bbox 915 1204 1138 1229; x_wconf 88' lang='lat' dir='ltr'><strong>memorans</strong></span> <span class='ocrx_word' id='word_1_178' title='bbox 1168 1191 1385 1228; x_wconf 85' lang='lat' dir='ltr'><strong>ministeria</strong></span> <span class='ocrx_word' id='word_1_179' title='bbox 1413 1191 1561 1227; x_wconf 81' lang='lat' dir='ltr'><strong>lasciva</strong></span> 
     </span>
     <span class='ocr_line' id='line_1_21' title="bbox 124 1245 1560 1297; baseline 0 -15"><span class='ocrx_word' id='word_1_180' title='bbox 124 1245 388 1297; x_wconf 80' lang='lat' dir='ltr'><strong>psaltriasque</strong></span> <span class='ocrx_word' id='word_1_181' title='bbox 440 1247 777 1284; x_wconf 74' lang='lat' dir='ltr'><strong>comissationibus</strong></span> <span class='ocrx_word' id='word_1_182' title='bbox 835 1245 1013 1284; x_wconf 86' lang='lat' dir='ltr'><strong>adhiberi</strong></span> <span class='ocrx_word' id='word_1_183' title='bbox 1065 1245 1340 1297; x_wconf 84' lang='lat' dir='ltr'><strong>prohibentem</strong></span> <span class='ocrx_word' id='word_1_184' title='bbox 1361 1274 1373 1294; x_wconf 90' lang='lat'>‚</span> <span class='ocrx_word' id='word_1_185' title='bbox 1430 1259 1560 1297; x_wconf 86' lang='lat' dir='ltr'><strong>neque</strong></span> 
     </span>
     <span class='ocr_line' id='line_1_22' title="bbox 125 1301 1563 1354; baseline 0 -16"><span class='ocrx_word' id='word_1_186' title='bbox 125 1301 314 1349; x_wconf 75' lang='lat' dir='ltr'><strong>Pacatus,</strong></span> <span class='ocrx_word' id='word_1_187' title='bbox 362 1313 524 1339; x_wconf 78' lang='lat' dir='ltr'><strong>mensae</strong></span> <span class='ocrx_word' id='word_1_188' title='bbox 559 1303 774 1353; x_wconf 87' lang='lat' dir='ltr'><strong>imperialis</strong></span> <span class='ocrx_word' id='word_1_189' title='bbox 801 1304 1000 1354; x_wconf 86' lang='lat' dir='ltr'><strong>impensas</strong></span> <span class='ocrx_word' id='word_1_190' title='bbox 1027 1301 1162 1340; x_wconf 84' lang='lat' dir='ltr'><strong>dicens</strong></span> <span class='ocrx_word' id='word_1_191' title='bbox 1192 1304 1421 1339; x_wconf 87' lang='lat' dir='ltr'><strong>imminutas</strong></span> <span class='ocrx_word' id='word_1_192' title='bbox 1452 1303 1563 1339; x_wconf 86' lang='lat' dir='ltr'><strong>iussu</strong></span> 
     </span>
     <span class='ocr_line' id='line_1_23' title="bbox 125 1355 1562 1410; baseline 0 -16"><span class='ocrx_word' id='word_1_193' title='bbox 125 1355 373 1407; x_wconf 81' lang='lat' dir='ltr'><strong>imperatoris</strong></span> <span class='ocrx_word' id='word_1_194' title='bbox 409 1370 516 1406; x_wconf 88' lang='lat' dir='ltr'><strong>esse,</strong></span> <span class='ocrx_word' id='word_1_195' title='bbox 541 1356 544 1358; x_wconf 73' lang='grc'><strong>’</strong></span> <span class='ocrx_word' id='word_1_196' title='bbox 566 1359 824 1406; x_wconf 68' lang='lat' dir='ltr'><strong>amoveb1u=t‚</strong></span> <span class='ocrx_word' id='word_1_197' title='bbox 873 1371 1002 1410; x_wconf 86' lang='lat' dir='ltr'><strong>neque</strong></span> <span class='ocrx_word' id='word_1_198' title='bbox 1043 1365 1177 1396; x_wconf 86' lang='lat' dir='ltr'><strong>contra</strong></span> <span class='ocrx_word' id='word_1_199' title='bbox 1215 1359 1366 1395; x_wconf 86' lang='lat' dir='ltr'><strong>Zosimi</strong></span> <span class='ocrx_word' id='word_1_200' title='bbox 1396 1357 1458 1408; x_wconf 86' lang='lat' dir='ltr'><strong>(c.</strong></span> <span class='ocrx_word' id='word_1_201' title='bbox 1493 1360 1562 1405; x_wconf 80' lang='lat'><strong>28,</strong></span> 
     </span>
     <span class='ocr_line' id='line_1_24' title="bbox 127 1410 1565 1465; baseline 0.001 -16"><span class='ocrx_word' id='word_1_202' title='bbox 127 1424 165 1449; x_wconf 84' lang='lat' dir='ltr'><strong>o.</strong></span> <span class='ocrx_word' id='word_1_203' title='bbox 188 1410 265 1460; x_wconf 77' lang='lat'><strong>41,</strong></span> <span class='ocrx_word' id='word_1_204' title='bbox 300 1425 337 1449; x_wconf 74' lang='lat' dir='ltr'><strong>c·</strong></span> <span class='ocrx_word' id='word_1_205' title='bbox 364 1412 446 1464; x_wconf 84' lang='lat'><strong>50)</strong></span> <span class='ocrx_word' id='word_1_206' title='bbox 477 1420 517 1451; x_wconf 92' lang='lat' dir='ltr'><strong>et</strong></span> <span class='ocrx_word' id='word_1_207' title='bbox 542 1412 796 1465; x_wconf 85' lang='lat' dir='ltr'><strong>Philostorgii</strong></span> <span class='ocrx_word' id='word_1_208' title='bbox 824 1414 902 1465; x_wconf 88' lang='lat'><strong>(11</strong></span> <span class='ocrx_word' id='word_1_209' title='bbox 934 1414 985 1465; x_wconf 90' lang='grc'><strong>2)</strong></span> <span class='ocrx_word' id='word_1_210' title='bbox 1014 1414 1215 1452; x_wconf 87' lang='lat' dir='ltr'><strong>luxuriem</strong></span> <span class='ocrx_word' id='word_1_211' title='bbox 1246 1412 1464 1451; x_wconf 83' lang='lat' dir='ltr'><strong>Theodosii</strong></span> <span class='ocrx_word' id='word_1_212' title='bbox 1499 1426 1565 1450; x_wconf 86' lang='lat' dir='ltr'><strong>re-</strong></span> 
     </span>
     <span class='ocr_line' id='line_1_25' title="bbox 125 1465 1564 1519; baseline 0.001 -15"><span class='ocrx_word' id='word_1_213' title='bbox 125 1465 455 1519; x_wconf 84' lang='lat' dir='ltr'><strong>prehendentium</strong></span> <span class='ocrx_word' id='word_1_214' title='bbox 493 1471 765 1507; x_wconf 85' lang='lat' dir='ltr'><strong>auctoritatem</strong></span> <span class='ocrx_word' id='word_1_215' title='bbox 807 1472 1067 1507; x_wconf 84' lang='lat' dir='ltr'><strong>continentiae</strong></span> <span class='ocrx_word' id='word_1_216' title='bbox 1102 1470 1262 1507; x_wconf 87' lang='lat' dir='ltr'><strong>laudem</strong></span> <span class='ocrx_word' id='word_1_217' title='bbox 1294 1468 1564 1506; x_wconf 82' lang='lat' dir='ltr'><strong>vindicabunt.</strong></span> 
     </span>
     <span class='ocr_line' id='line_1_26' title="bbox 126 1523 1564 1576; baseline 0.002 -17"><span class='ocrx_word' id='word_1_218' title='bbox 126 1529 276 1575; x_wconf 80' lang='lat' dir='ltr'><strong>quanta</strong></span> <span class='ocrx_word' id='word_1_219' title='bbox 301 1524 409 1560; x_wconf 72' lang='lat' dir='ltr'><strong>anim</strong></span> <span class='ocrx_word' id='word_1_220' title='bbox 434 1526 476 1561; x_wconf 89' lang='lat' dir='ltr'><strong>in</strong></span> <span class='ocrx_word' id='word_1_221' title='bbox 500 1523 618 1562; x_wconf 89' lang='lat' dir='ltr'><strong>laude</strong></span> <span class='ocrx_word' id='word_1_222' title='bbox 646 1527 900 1576; x_wconf 77' lang='lat' dir='ltr'><strong>Panegyrici,</strong></span> <span class='ocrx_word' id='word_1_223' title='bbox 931 1533 998 1563; x_wconf 89' lang='lat' dir='ltr'><strong>aut</strong></span> <span class='ocrx_word' id='word_1_224' title='bbox 1024 1528 1065 1563; x_wconf 89' lang='lat' dir='ltr'><strong>in</strong></span> <span class='ocrx_word' id='word_1_225' title='bbox 1093 1526 1181 1575; x_wconf 89' lang='lat' dir='ltr'><strong>lege</strong></span> <span class='ocrx_word' id='word_1_226' title='bbox 1204 1527 1371 1562; x_wconf 87' lang='lat' dir='ltr'><strong>aliorum</strong></span> <span class='ocrx_word' id='word_1_227' title='bbox 1395 1526 1564 1562; x_wconf 84' lang='lat' dir='ltr'><strong>luxuriis</strong></span> 
     </span>
     <span class='ocr_line' id='line_1_27' title="bbox 126 1577 1565 1631; baseline 0.001 -16"><span class='ocrx_word' id='word_1_228' title='bbox 126 1577 292 1616; x_wconf 83' lang='lat' dir='ltr'><strong>modum</strong></span> <span class='ocrx_word' id='word_1_229' title='bbox 319 1586 535 1628; x_wconf 85' lang='lat' dir='ltr'><strong>statuente,</strong></span> <span class='ocrx_word' id='word_1_230' title='bbox 563 1582 692 1618; x_wconf 86' lang='lat' dir='ltr'><strong>inesse</strong></span> <span class='ocrx_word' id='word_1_231' title='bbox 722 1588 850 1631; x_wconf 86' lang='lat' dir='ltr'><strong>potest</strong></span> <span class='ocrx_word' id='word_1_232' title='bbox 884 1583 945 1618; x_wconf 78' lang='lat' dir='ltr'><strong>vis</strong></span> <span class='ocrx_word' id='word_1_233' title='bbox 975 1580 1026 1617; x_wconf 87' lang='lat' dir='ltr'><strong>ad</strong></span> <span class='ocrx_word' id='word_1_234' title='bbox 1055 1581 1330 1618; x_wconf 83' lang='lat' dir='ltr'><strong>abstinentiam</strong></span> <span class='ocrx_word' id='word_1_235' title='bbox 1350 1582 1565 1630; x_wconf 83' lang='lat' dir='ltr'><strong>imperato·</strong></span> 
     </span>
     <span class='ocr_line' id='line_1_28' title="bbox 128 1635 1564 1687; baseline 0.001 -17"><span class='ocrx_word' id='word_1_236' title='bbox 128 1635 184 1671; x_wconf 86' lang='lat' dir='ltr'><strong>ris</strong></span> <span class='ocrx_word' id='word_1_237' title='bbox 210 1640 251 1671; x_wconf 84' lang='lat' dir='ltr'><strong>et</strong></span> <span class='ocrx_word' id='word_1_238' title='bbox 275 1635 450 1673; x_wconf 89' lang='lat' dir='ltr'><strong>alienum</strong></span> <span class='ocrx_word' id='word_1_239' title='bbox 477 1649 501 1673; x_wconf 88' lang='lat' dir='ltr'><strong>a</strong></span> <span class='ocrx_word' id='word_1_240' title='bbox 526 1635 756 1674; x_wconf 88' lang='lat' dir='ltr'><strong>libidinibus</strong></span> <span class='ocrx_word' id='word_1_241' title='bbox 781 1643 821 1674; x_wconf 93' lang='lat' dir='ltr'><strong>et</strong></span> <span class='ocrx_word' id='word_1_242' title='bbox 845 1637 1078 1687; x_wconf 82' lang='lat' dir='ltr'><strong>voluptuosa</strong></span> <span class='ocrx_word' id='word_1_243' title='bbox 1098 1638 1176 1674; x_wconf 78' lang='lat' dir='ltr'><strong>vita</strong></span> <span class='ocrx_word' id='word_1_244' title='bbox 1200 1638 1377 1673; x_wconf 88' lang='lat' dir='ltr'><strong>animum</strong></span> <span class='ocrx_word' id='word_1_245' title='bbox 1399 1635 1564 1673; x_wconf 84' lang='lat' dir='ltr'><strong>demon-</strong></span> 
     </span>
     <span class='ocr_line' id='line_1_29' title="bbox 127 1687 360 1728; baseline 0.004 -1"><span class='ocrx_word' id='word_1_246' title='bbox 127 1687 360 1728; x_wconf 65' lang='lat' dir='ltr'><strong>strandum?</strong></span> 
     </span>
    </p>

    <p class='ocr_par' dir='ltr' id='par_1_5' title="bbox 127 1743 1566 2073">
     <span class='ocr_line' id='line_1_30' title="bbox 239 1743 1566 1798; baseline -0.002 -12"><span class='ocrx_word' id='word_1_247' title='bbox 239 1757 282 1795; x_wconf 87' lang='lat' dir='ltr'><strong>p·</strong></span> <span class='ocrx_word' id='word_1_248' title='bbox 301 1747 385 1786; x_wconf 88' lang='grc'><strong>212</strong></span> <span class='ocrx_word' id='word_1_249' title='bbox 402 1759 442 1783; x_wconf 79' lang='lat' dir='ltr'><strong>v·</strong></span> <span class='ocrx_word' id='word_1_250' title='bbox 460 1749 502 1787; x_wconf 89' lang='grc'><strong>7.</strong></span> <span class='ocrx_word' id='word_1_251' title='bbox 556 1743 604 1786; x_wconf 69' lang='grc' dir='ltr'><strong>τά</strong></span> <span class='ocrx_word' id='word_1_252' title='bbox 630 1749 742 1786; x_wconf 75' lang='grc' dir='ltr'><strong>θεῶν</strong></span> <span class='ocrx_word' id='word_1_253' title='bbox 764 1746 834 1797; x_wconf 75' lang='grc' dir='ltr'><strong>ἕδη</strong></span> <span class='ocrx_word' id='word_1_254' title='bbox 863 1745 932 1798; x_wconf 90' lang='lat' dir='ltr'><strong>(ut</strong></span> <span class='ocrx_word' id='word_1_255' title='bbox 955 1760 1025 1798; x_wconf 87' lang='lat' dir='ltr'><strong>pro</strong></span> <span class='ocrx_word' id='word_1_256' title='bbox 1051 1747 1138 1797; x_wconf 80' lang='grc' dir='ltr'><em>εἴδη</em></span> <span class='ocrx_word' id='word_1_257' title='bbox 1161 1746 1375 1798; x_wconf 87' lang='lat' dir='ltr'><strong>legendum</strong></span> <span class='ocrx_word' id='word_1_258' title='bbox 1396 1760 1480 1785; x_wconf 85' lang='lat' dir='ltr'><strong>esse</strong></span> <span class='ocrx_word' id='word_1_259' title='bbox 1501 1745 1566 1784; x_wconf 83' lang='lat' dir='ltr'><strong>di-</strong></span> 
     </span>
     <span class='ocr_line' id='line_1_31' title="bbox 130 1799 1566 1853; baseline 0.003 -17"><span class='ocrx_word' id='word_1_260' title='bbox 130 1799 304 1850; x_wconf 87' lang='lat' dir='ltr'><strong>ximus).</strong></span> <span class='ocrx_word' id='word_1_261' title='bbox 349 1803 524 1852; x_wconf 87' lang='lat' dir='ltr'><strong>primum</strong></span> <span class='ocrx_word' id='word_1_262' title='bbox 543 1803 731 1840; x_wconf 85' lang='lat' dir='ltr'><strong>sacrificia</strong></span> <span class='ocrx_word' id='word_1_263' title='bbox 747 1803 831 1839; x_wconf 87' lang='lat' dir='ltr'><strong>fieri</strong></span> <span class='ocrx_word' id='word_1_264' title='bbox 848 1810 886 1839; x_wconf 81' lang='lat' dir='ltr'><strong>et</strong></span> <span class='ocrx_word' id='word_1_265' title='bbox 901 1804 1037 1839; x_wconf 88' lang='lat' dir='ltr'><strong>intrari</strong></span> <span class='ocrx_word' id='word_1_266' title='bbox 1050 1804 1199 1853; x_wconf 82' lang='lat' dir='ltr'><strong>templa</strong></span> <span class='ocrx_word' id='word_1_267' title='bbox 1221 1802 1410 1840; x_wconf 86' lang='lat' dir='ltr'><strong>adorandi</strong></span> <span class='ocrx_word' id='word_1_268' title='bbox 1430 1804 1566 1840; x_wconf 87' lang='lat' dir='ltr'><strong>numi-</strong></span> 
     </span>
     <span class='ocr_line' id='line_1_32' title="bbox 129 1856 1565 1910; baseline 0.002 -18"><span class='ocrx_word' id='word_1_269' title='bbox 129 1856 195 1893; x_wconf 83' lang='lat' dir='ltr'><strong>nis</strong></span> <span class='ocrx_word' id='word_1_270' title='bbox 213 1868 329 1894; x_wconf 84' lang='lat' dir='ltr'><strong>causa</strong></span> <span class='ocrx_word' id='word_1_271' title='bbox 348 1856 620 1906; x_wconf 77' lang='lat' dir='ltr'><strong>interdictum3</strong></span> <span class='ocrx_word' id='word_1_272' title='bbox 649 1871 746 1896; x_wconf 86' lang='lat' dir='ltr'><strong>mox</strong></span> <span class='ocrx_word' id='word_1_273' title='bbox 761 1857 982 1909; x_wconf 87' lang='lat' dir='ltr'><strong>haruspicia</strong></span> <span class='ocrx_word' id='word_1_274' title='bbox 1001 1861 1119 1895; x_wconf 90' lang='lat' dir='ltr'><strong>etiam</strong></span> <span class='ocrx_word' id='word_1_275' title='bbox 1139 1861 1291 1896; x_wconf 84' lang='lat' dir='ltr'><strong>institui</strong></span> <span class='ocrx_word' id='word_1_276' title='bbox 1308 1858 1565 1910; x_wconf 89' lang='lat' dir='ltr'><strong>prohibitum.</strong></span> 
     </span>
     <span class='ocr_line' id='line_1_33' title="bbox 130 1912 1566 1965; baseline 0.002 -17"><span class='ocrx_word' id='word_1_277' title='bbox 130 1912 280 1962; x_wconf 80' lang='lat' dir='ltr'><strong>templa</strong></span> <span class='ocrx_word' id='word_1_278' title='bbox 305 1914 391 1950; x_wconf 89' lang='lat' dir='ltr'><strong>sine</strong></span> <span class='ocrx_word' id='word_1_279' title='bbox 418 1915 528 1951; x_wconf 88' lang='lat' dir='ltr'><strong>iussu</strong></span> <span class='ocrx_word' id='word_1_280' title='bbox 551 1915 797 1962; x_wconf 83' lang='lat' dir='ltr'><strong>imperatoris</strong></span> <span class='ocrx_word' id='word_1_281' title='bbox 819 1913 1030 1951; x_wconf 88' lang='lat' dir='ltr'><strong>demolitus</strong></span> <span class='ocrx_word' id='word_1_282' title='bbox 1055 1921 1114 1952; x_wconf 90' lang='lat' dir='ltr'><strong>est</strong></span> <span class='ocrx_word' id='word_1_283' title='bbox 1134 1915 1261 1965; x_wconf 87' lang='lat' dir='ltr'><strong>plebis</strong></span> <span class='ocrx_word' id='word_1_284' title='bbox 1284 1922 1323 1951; x_wconf 93' lang='lat' dir='ltr'><strong>et</strong></span> <span class='ocrx_word' id='word_1_285' title='bbox 1346 1915 1519 1952; x_wconf 87' lang='lat' dir='ltr'><strong>militum</strong></span> <span class='ocrx_word' id='word_1_286' title='bbox 1542 1927 1566 1951; x_wconf 86' lang='lat' dir='ltr'><strong>a</strong></span> 
     </span>
     <span class='ocr_line' id='line_1_34' title="bbox 127 1962 1566 2060; baseline 0.001 -54"><span class='ocrx_word' id='word_1_287' title='bbox 127 1965 336 2060; x_wconf 54' lang='lat' dir='ltr'><strong>mansellis</strong></span> <span class='ocrx_word' id='word_1_288' title='bbox 367 1971 580 2008; x_wconf 80' lang='lat' dir='ltr'><strong>concitatus</strong></span> <span class='ocrx_word' id='word_1_289' title='bbox 604 1962 714 2008; x_wconf 67' lang='lat' dir='ltr'><strong>furor</strong></span> <span class='ocrx_word' id='word_1_290' title='bbox 740 1971 904 2023; x_wconf 85' lang='lat' dir='ltr'><strong>(Liban.</strong></span> <span class='ocrx_word' id='word_1_291' title='bbox 934 1983 991 2007; x_wconf 87' lang='lat' dir='ltr'><strong>or.</strong></span> <span class='ocrx_word' id='word_1_292' title='bbox 1011 1983 1083 2021; x_wconf 87' lang='lat' dir='ltr'><strong>pro</strong></span> <span class='ocrx_word' id='word_1_293' title='bbox 1106 1971 1241 2023; x_wconf 85' lang='lat' dir='ltr'><strong>templ.</strong></span> <span class='ocrx_word' id='word_1_294' title='bbox 1263 1978 1369 2021; x_wconf 87' lang='lat' dir='ltr'><strong>gent.</strong></span> <span class='ocrx_word' id='word_1_295' title='bbox 1388 1983 1468 2008; x_wconf 92' lang='lat' dir='ltr'><strong>non</strong></span> <span class='ocrx_word' id='word_1_296' title='bbox 1491 1983 1566 2007; x_wconf 84' lang='lat' dir='ltr'><strong>ex-</strong></span> 
     </span>
     <span class='ocr_line' id='line_1_35' title="bbox 128 2022 301 2073; baseline 0 -12"><span class='ocrx_word' id='word_1_297' title='bbox 128 2025 214 2063; x_wconf 69' lang='lat' dir='ltr'><strong>suin</strong></span> <span class='ocrx_word' id='word_1_298' title='bbox 243 2022 301 2073; x_wconf 88' lang='lat'><strong>.).</strong></span> 
     </span>
    </p>

    <p class='ocr_par' dir='ltr' id='par_1_6' title="bbox 130 2077 1573 2746">
     <span class='ocr_line' id='line_1_36' title="bbox 241 2077 1565 2133; baseline 0.002 -17"><span class='ocrx_word' id='word_1_299' title='bbox 241 2080 296 2116; x_wconf 78' lang='lat' dir='ltr'><strong>ib.</strong></span> <span class='ocrx_word' id='word_1_300' title='bbox 321 2092 362 2116; x_wconf 78' lang='lat' dir='ltr'><strong>v.</strong></span> <span class='ocrx_word' id='word_1_301' title='bbox 382 2077 448 2119; x_wconf 82' lang='lat'><strong>14.</strong></span> <span class='ocrx_word' id='word_1_302' title='bbox 506 2095 568 2119; x_wconf 85' lang='lat' dir='ltr'><strong>res</strong></span> <span class='ocrx_word' id='word_1_303' title='bbox 590 2092 637 2118; x_wconf 86' lang='lat' dir='ltr'><strong>ea</strong></span> <span class='ocrx_word' id='word_1_304' title='bbox 658 2088 747 2131; x_wconf 88' lang='lat' dir='ltr'><strong>eget</strong></span> <span class='ocrx_word' id='word_1_305' title='bbox 764 2082 852 2118; x_wconf 89' lang='lat' dir='ltr'><strong>luce</strong></span> <span class='ocrx_word' id='word_1_306' title='bbox 870 2094 922 2118; x_wconf 84' lang='lat' dir='ltr'><strong>ex</strong></span> <span class='ocrx_word' id='word_1_307' title='bbox 938 2082 1025 2119; x_wconf 84' lang='lat' dir='ltr'><strong>aliis</strong></span> <span class='ocrx_word' id='word_1_308' title='bbox 1041 2082 1293 2133; x_wconf 86' lang='lat' dir='ltr'><strong>scriptoribus</strong></span> <span class='ocrx_word' id='word_1_309' title='bbox 1311 2079 1565 2118; x_wconf 87' lang='lat' dir='ltr'><strong>affundenda.</strong></span> 
     </span>
     <span class='ocr_line' id='line_1_37' title="bbox 130 2132 1570 2189; baseline 0.001 -18"><span class='ocrx_word' id='word_1_310' title='bbox 130 2132 255 2172; x_wconf 82' lang='lat' dir='ltr'><strong>Gothi</strong></span> <span class='ocrx_word' id='word_1_311' title='bbox 273 2133 438 2173; x_wconf 85' lang='lat' dir='ltr'><strong>ducibus</strong></span> <span class='ocrx_word' id='word_1_312' title='bbox 455 2138 672 2188; x_wconf 75' lang='lat' dir='ltr'><strong>Fritigerno</strong></span> <span class='ocrx_word' id='word_1_313' title='bbox 687 2136 849 2174; x_wconf 83' lang='lat' dir='ltr'><strong>Allotho</strong></span> <span class='ocrx_word' id='word_1_314' title='bbox 869 2145 908 2174; x_wconf 91' lang='lat' dir='ltr'><strong>et</strong></span> <span class='ocrx_word' id='word_1_315' title='bbox 926 2136 1136 2188; x_wconf 85' lang='lat' dir='ltr'><strong>Saphrace,</strong></span> <span class='ocrx_word' id='word_1_316' title='bbox 1165 2150 1264 2189; x_wconf 91' lang='lat' dir='ltr'><strong>quos</strong></span> <span class='ocrx_word' id='word_1_317' title='bbox 1284 2138 1570 2173; x_wconf 87' lang='lat' dir='ltr'><strong>Germanorum</strong></span> 
     </span>
     <span class='ocr_line' id='line_1_38' title="bbox 132 2190 1568 2243; baseline 0 -16"><span class='ocrx_word' id='word_1_318' title='bbox 132 2191 315 2228; x_wconf 75' lang='lat' dir='ltr'><strong>Zosimus</strong></span> <span class='ocrx_word' id='word_1_319' title='bbox 341 2190 520 2230; x_wconf 83' lang='lat' dir='ltr'><strong>ductores</strong></span> <span class='ocrx_word' id='word_1_320' title='bbox 549 2195 667 2230; x_wconf 87' lang='lat' dir='ltr'><strong>nimis</strong></span> <span class='ocrx_word' id='word_1_321' title='bbox 694 2194 774 2230; x_wconf 88' lang='lat' dir='ltr'><strong>lato</strong></span> <span class='ocrx_word' id='word_1_322' title='bbox 803 2194 994 2230; x_wconf 79' lang='lat' dir='ltr'><strong>vocabulo</strong></span> <span class='ocrx_word' id='word_1_323' title='bbox 1017 2194 1134 2242; x_wconf 83' lang='lat' dir='ltr'><strong>facit,</strong></span> <span class='ocrx_word' id='word_1_324' title='bbox 1168 2206 1257 2230; x_wconf 89' lang='lat' dir='ltr'><strong>cum</strong></span> <span class='ocrx_word' id='word_1_325' title='bbox 1284 2199 1373 2243; x_wconf 90' lang='lat' dir='ltr'><strong>post</strong></span> <span class='ocrx_word' id='word_1_326' title='bbox 1392 2193 1568 2229; x_wconf 75' lang='lat' dir='ltr'><strong>Valentis</strong></span> 
     </span>
     <span class='ocr_line' id='line_1_39' title="bbox 133 2245 1569 2299; baseline 0 -16"><span class='ocrx_word' id='word_1_327' title='bbox 133 2245 287 2283; x_wconf 84' lang='lat' dir='ltr'><strong>obitum</strong></span> <span class='ocrx_word' id='word_1_328' title='bbox 301 2259 325 2282; x_wconf 87' lang='lat' dir='ltr'><strong>a</strong></span> <span class='ocrx_word' id='word_1_329' title='bbox 341 2247 456 2296; x_wconf 83' lang='lat' dir='ltr'><strong>epoli</strong></span> <span class='ocrx_word' id='word_1_330' title='bbox 476 2247 528 2285; x_wconf 89' lang='lat' dir='ltr'><strong>ad</strong></span> <span class='ocrx_word' id='word_1_331' title='bbox 544 2261 669 2299; x_wconf 90' lang='lat' dir='ltr'><strong>usque</strong></span> <span class='ocrx_word' id='word_1_332' title='bbox 688 2249 810 2298; x_wconf 87' lang='lat' dir='ltr'><strong>Alpes</strong></span> <span class='ocrx_word' id='word_1_333' title='bbox 831 2250 951 2286; x_wconf 84' lang='lat' dir='ltr'><strong>Iulias</strong></span> <span class='ocrx_word' id='word_1_334' title='bbox 969 2248 1192 2299; x_wconf 86' lang='lat' dir='ltr'><strong>praedando</strong></span> <span class='ocrx_word' id='word_1_335' title='bbox 1214 2249 1358 2298; x_wconf 79' lang='lat' dir='ltr'><strong>vagati,</strong></span> <span class='ocrx_word' id='word_1_336' title='bbox 1389 2261 1411 2284; x_wconf 88' lang='lat' dir='ltr'><strong>a</strong></span> <span class='ocrx_word' id='word_1_337' title='bbox 1430 2245 1569 2284; x_wconf 90' lang='lat' dir='ltr'><strong>Theo-</strong></span> 
     </span>
     <span class='ocr_line' id='line_1_40' title="bbox 134 2299 1569 2355; baseline 0 -17"><span class='ocrx_word' id='word_1_338' title='bbox 134 2299 251 2347; x_wconf 31' lang='lat' dir='ltr'><strong>dosia,</strong></span> <span class='ocrx_word' id='word_1_339' title='bbox 273 2314 376 2339; x_wconf 87' lang='lat' dir='ltr'><strong>anno</strong></span> <span class='ocrx_word' id='word_1_340' title='bbox 405 2306 487 2344; x_wconf 83' lang='lat'><strong>379</strong></span> <span class='ocrx_word' id='word_1_341' title='bbox 517 2305 687 2355; x_wconf 88' lang='lat' dir='ltr'><strong>repulsi,</strong></span> <span class='ocrx_word' id='word_1_342' title='bbox 718 2312 758 2340; x_wconf 90' lang='lat' dir='ltr'><strong>et</strong></span> <span class='ocrx_word' id='word_1_343' title='bbox 786 2307 948 2342; x_wconf 83' lang='lat' dir='ltr'><strong>traiecto</strong></span> <span class='ocrx_word' id='word_1_344' title='bbox 980 2307 1078 2342; x_wconf 86' lang='lat' dir='ltr'><strong>Istro</strong></span> <span class='ocrx_word' id='word_1_345' title='bbox 1101 2304 1153 2342; x_wconf 83' lang='lat' dir='ltr'><strong>ad</strong></span> <span class='ocrx_word' id='word_1_346' title='bbox 1176 2317 1268 2341; x_wconf 90' lang='lat' dir='ltr'><strong>suos</strong></span> <span class='ocrx_word' id='word_1_347' title='bbox 1293 2302 1421 2340; x_wconf 82' lang='lat' dir='ltr'><strong>redire</strong></span> <span class='ocrx_word' id='word_1_348' title='bbox 1447 2304 1569 2339; x_wconf 87' lang='lat' dir='ltr'><strong>coacti</strong></span> 
     </span>
     <span class='ocr_line' id='line_1_41' title="bbox 134 2358 1570 2409; baseline 0.001 -17"><span class='ocrx_word' id='word_1_349' title='bbox 134 2362 288 2403; x_wconf 85' lang='lat' dir='ltr'><strong>essent,</strong></span> <span class='ocrx_word' id='word_1_350' title='bbox 321 2370 367 2394; x_wconf 92' lang='lat' dir='ltr'><strong>eo</strong></span> <span class='ocrx_word' id='word_1_351' title='bbox 393 2366 617 2409; x_wconf 84' lang='lat' dir='ltr'><strong>aegrotante</strong></span> <span class='ocrx_word' id='word_1_352' title='bbox 646 2358 771 2396; x_wconf 74' lang='lat' dir='ltr'><strong>divisa</strong></span> <span class='ocrx_word' id='word_1_353' title='bbox 790 2360 973 2397; x_wconf 87' lang='lat' dir='ltr'><strong>bifariam</strong></span> <span class='ocrx_word' id='word_1_354' title='bbox 990 2360 1243 2398; x_wconf 84' lang='lat' dir='ltr'><strong>multitudiue</strong></span> <span class='ocrx_word' id='word_1_355' title='bbox 1262 2360 1406 2395; x_wconf 84' lang='lat' dir='ltr'><strong>flumen</strong></span> <span class='ocrx_word' id='word_1_356' title='bbox 1427 2359 1570 2394; x_wconf 87' lang='lat' dir='ltr'><strong>iterum</strong></span> 
     </span>
     <span class='ocr_line' id='line_1_42' title="bbox 134 2412 1570 2466; baseline 0 -18"><span class='ocrx_word' id='word_1_357' title='bbox 134 2413 391 2460; x_wconf 79' lang='lat' dir='ltr'><strong>transierunt,</strong></span> <span class='ocrx_word' id='word_1_358' title='bbox 418 2415 473 2450; x_wconf 84' lang='lat' dir='ltr'><strong>ita</strong></span> <span class='ocrx_word' id='word_1_359' title='bbox 489 2422 533 2452; x_wconf 89' lang='lat' dir='ltr'><strong>ut</strong></span> <span class='ocrx_word' id='word_1_360' title='bbox 547 2417 788 2465; x_wconf 84' lang='lat' dir='ltr'><strong>Fritigernus</strong></span> <span class='ocrx_word' id='word_1_361' title='bbox 806 2415 856 2452; x_wconf 85' lang='lat' dir='ltr'><strong>ad</strong></span> <span class='ocrx_word' id='word_1_362' title='bbox 871 2415 1123 2454; x_wconf 83' lang='lat' dir='ltr'><strong>Thessaliam</strong></span> <span class='ocrx_word' id='word_1_363' title='bbox 1142 2418 1306 2466; x_wconf 87' lang='lat' dir='ltr'><strong>Epirum</strong></span> <span class='ocrx_word' id='word_1_364' title='bbox 1325 2421 1362 2450; x_wconf 90' lang='lat' dir='ltr'><strong>et</strong></span> <span class='ocrx_word' id='word_1_365' title='bbox 1380 2412 1570 2450; x_wconf 82' lang='lat' dir='ltr'><strong>Achaiam</strong></span> 
     </span>
     <span class='ocr_line' id='line_1_43' title="bbox 135 2467 1573 2523; baseline 0.001 -20"><span class='ocrx_word' id='word_1_366' title='bbox 135 2467 403 2518; x_wconf 84' lang='lat' dir='ltr'><strong>praedandam</strong></span> <span class='ocrx_word' id='word_1_367' title='bbox 417 2468 704 2520; x_wconf 83' lang='lat' dir='ltr'><strong>digrederetur,</strong></span> <span class='ocrx_word' id='word_1_368' title='bbox 732 2472 876 2523; x_wconf 87' lang='lat' dir='ltr'><strong>reliqui</strong></span> <span class='ocrx_word' id='word_1_369' title='bbox 894 2485 984 2509; x_wconf 82' lang='lat' dir='ltr'><strong>cum</strong></span> <span class='ocrx_word' id='word_1_370' title='bbox 1000 2471 1169 2509; x_wconf 84' lang='lat' dir='ltr'><strong>Alatheo</strong></span> <span class='ocrx_word' id='word_1_371' title='bbox 1190 2478 1227 2507; x_wconf 90' lang='lat' dir='ltr'><strong>et</strong></span> <span class='ocrx_word' id='word_1_372' title='bbox 1249 2468 1447 2520; x_wconf 86' lang='lat' dir='ltr'><strong>Saphrace</strong></span> <span class='ocrx_word' id='word_1_373' title='bbox 1466 2470 1573 2505; x_wconf 88' lang='lat' dir='ltr'><strong>Pan-</strong></span> 
     </span>
     <span class='ocr_line' id='line_1_44' title="bbox 135 2525 1573 2577; baseline 0.001 -18"><span class='ocrx_word' id='word_1_374' title='bbox 135 2525 297 2560; x_wconf 88' lang='lat' dir='ltr'><strong>noniam</strong></span> <span class='ocrx_word' id='word_1_375' title='bbox 310 2531 502 2574; x_wconf 87' lang='lat' dir='ltr'><strong>peterent.</strong></span> <span class='ocrx_word' id='word_1_376' title='bbox 558 2528 789 2574; x_wconf 87' lang='lat' dir='ltr'><strong>Gratianus,</strong></span> <span class='ocrx_word' id='word_1_377' title='bbox 819 2529 972 2577; x_wconf 88' lang='lat' dir='ltr'><strong>cognita</strong></span> <span class='ocrx_word' id='word_1_378' title='bbox 997 2542 1060 2575; x_wconf 87' lang='lat' dir='ltr'><strong>re,</strong></span> <span class='ocrx_word' id='word_1_379' title='bbox 1090 2542 1111 2564; x_wconf 91' lang='lat' dir='ltr'><strong>e</strong></span> <span class='ocrx_word' id='word_1_380' title='bbox 1137 2527 1298 2572; x_wconf 83' lang='lat' dir='ltr'><strong>Galliis,</strong></span> <span class='ocrx_word' id='word_1_381' title='bbox 1328 2538 1405 2575; x_wconf 91' lang='lat' dir='ltr'><strong>quo</strong></span> <span class='ocrx_word' id='word_1_382' title='bbox 1420 2525 1573 2560; x_wconf 82' lang='lat' dir='ltr'><strong>tumul-</strong></span> 
     </span>
     <span class='ocr_line' id='line_1_45' title="bbox 139 2578 1572 2634; baseline 0.001 -19"><span class='ocrx_word' id='word_1_383' title='bbox 139 2584 202 2615; x_wconf 84' lang='lat' dir='ltr'><strong>tus</strong></span> <span class='ocrx_word' id='word_1_384' title='bbox 228 2579 432 2617; x_wconf 89' lang='lat' dir='ltr'><strong>Vandalici</strong></span> <span class='ocrx_word' id='word_1_385' title='bbox 458 2594 576 2627; x_wconf 82' lang='lat' dir='ltr'><strong>causa</strong></span> <span class='ocrx_word' id='word_1_386' title='bbox 605 2588 688 2619; x_wconf 87' lang='lat' dir='ltr'><strong>erat</strong></span> <span class='ocrx_word' id='word_1_387' title='bbox 716 2595 807 2620; x_wconf 84' lang='lat' dir='ltr'><strong>cum</strong></span> <span class='ocrx_word' id='word_1_388' title='bbox 833 2585 956 2633; x_wconf 87' lang='lat' dir='ltr'><strong>copiis</strong></span> <span class='ocrx_word' id='word_1_389' title='bbox 984 2584 1199 2634; x_wconf 83' lang='lat' dir='ltr'><strong>profectus,</strong></span> <span class='ocrx_word' id='word_1_390' title='bbox 1237 2588 1369 2617; x_wconf 87' lang='lat' dir='ltr'><strong>motus</strong></span> <span class='ocrx_word' id='word_1_391' title='bbox 1395 2578 1572 2627; x_wconf 88' lang='lat' dir='ltr'><strong>hostiles,</strong></span> 
     </span>
     <span class='ocr_line' id='line_1_46' title="bbox 141 2632 1572 2690; baseline 0.001 -21"><span class='ocrx_word' id='word_1_392' title='bbox 141 2632 398 2672; x_wconf 80' lang='lat' dir='ltr'><strong>demulcendo</strong></span> <span class='ocrx_word' id='word_1_393' title='bbox 415 2639 567 2675; x_wconf 86' lang='lat' dir='ltr'><strong>animos</strong></span> <span class='ocrx_word' id='word_1_394' title='bbox 585 2638 814 2676; x_wconf 88' lang='lat' dir='ltr'><strong>muneribus</strong></span> <span class='ocrx_word' id='word_1_395' title='bbox 828 2641 958 2689; x_wconf 86' lang='lat' dir='ltr'><strong>potius</strong></span> <span class='ocrx_word' id='word_1_396' title='bbox 975 2652 1095 2690; x_wconf 90' lang='lat' dir='ltr'><strong>quam</strong></span> <span class='ocrx_word' id='word_1_397' title='bbox 1114 2649 1311 2674; x_wconf 85' lang='lat' dir='ltr'><strong>armorum</strong></span> <span class='ocrx_word' id='word_1_398' title='bbox 1326 2637 1366 2672; x_wconf 80' lang='lat' dir='ltr'><strong>vi</strong></span> <span class='ocrx_word' id='word_1_399' title='bbox 1384 2634 1572 2685; x_wconf 85' lang='lat' dir='ltr'><strong>cogendo,</strong></span> 
     </span>
     <span class='ocr_line' id='line_1_47' title="bbox 140 2688 1573 2746; baseline 0.001 -20"><span class='ocrx_word' id='word_1_400' title='bbox 140 2688 313 2739; x_wconf 80' lang='lat' dir='ltr'><strong>sedavit,</strong></span> <span class='ocrx_word' id='word_1_401' title='bbox 348 2692 571 2746; x_wconf 82' lang='lat' dir='ltr'><strong>factamque</strong></span> <span class='ocrx_word' id='word_1_402' title='bbox 599 2706 740 2746; x_wconf 87' lang='lat' dir='ltr'><strong>pacem</strong></span> <span class='ocrx_word' id='word_1_403' title='bbox 763 2693 1037 2743; x_wconf 85' lang='lat' dir='ltr'><strong>Theodosius,</strong></span> <span class='ocrx_word' id='word_1_404' title='bbox 1073 2700 1283 2746; x_wconf 86' lang='lat' dir='ltr'><strong>postquam</strong></span> <span class='ocrx_word' id='word_1_405' title='bbox 1312 2692 1573 2741; x_wconf 84' lang='lat' dir='ltr'><strong>convaluerat,</strong></span> 
     </span>
    </p>
   </div>
  </div>
 </body>
</html>
