1812 3016
422 62 860 109 COMMENTARIUS
883 65 1231 110 msTomcUS.
1447 63 1540 111 391

218 182 263 222 Ρ.
282 169 368 213 204
391 185 432 210 v.
457 175 500 215 7.
554 174 809 211 Ammianus:
845 175 1123 224 exspectatione
1143 175 1335 225 promissi
1360 173 1546 225 stipendii

110 239 263 265 securos
277 225 337 264 ad
348 227 578 266 mburbana
588 230 814 279 productos.

176 281 179 285 ’
217 281 272 320 ib.
294 295 335 321 v.
353 285 420 325 17.
474 286 731 324 Ammianus:
770 299 847 336 quo
877 284 1037 322 masilia
1055 285 1248 336 prudenti
1270 287 1355 323 sine
1380 288 1543 336 strepiac

109 337 176 375 vel
201 351 314 376 mora
341 340 529 391 completo
541 369 557 387 ,
594 341 798 379 orientales
817 342 1049 392 provinciae
1077 341 1369 379 discriminibus
1394 350 1544 394 ereptae

134 490 137 491 ⁷
217 449 272 487 ib.
294 465 335 489 v.
351 454 421 493 21.
475 451 634 490 facilem
659 465 858 490 accessum
878 450 929 489 ad
948 450 1220 490 Theodosium
1237 453 1360 491 fuisse
1379 460 1543 491 testatur

107 505 440 546 etiam'rhemist.
461 520 519 546 or.
542 508 652 558 15P·
674 509 775 555 190,
803 509 935 545 Pacat.
954 509 1101 559 Paneg.
1123 522 1158 546 c.
1178 510 1230 551 17
1249 516 1287 546 et
1306 511 1375 550 21.

215 575 257 613 p.
276 563 358 604 205
376 563 819 614 v.1.]lIagist1-omm
841 564 1031 609 militum,
1060 563 1212 603 duobus
1237 577 1259 602 a
1288 565 1542 603 Constantino

104 616 316 666 institutis,
342 631 552 656 numerum
577 619 679 656 filii·
668 621 792 670 ipsius
812 627 1020 657 auxerunt.
1075 633 1169 658 nam
1190 627 1374 672 quattuor
1389 634 1461 672 per
1477 635 1541 659 re-

105 683 231 723 gnum
256 686 392 712 corum
422 673 528 726 apud
555 676 811 712 Ammianum
840 676 917 725 (16
944 679 971 716 7
999 676 1056 713 ibi
1084 676 1286 727 Valesius)
1319 684 1540 715 occurrunt.

103 728 148 765 in
173 728 382 768 Occidente
411 738 600 782 perpetuo
630 731 714 767 bini
742 731 921 779 fuerant,
951 733 992 768 in
1023 733 1179 770 Oriente
1204 731 1255 769 ad
1284 735 1439 784 quinos.
1496 734 1539 770 in

104 785 253 823 Notitia
277 787 480 838 utnusque
509 788 666 838 imperii
690 789 966 837 magistrorum
982 789 1154 825 militum
1172 790 1333 825 nomina
1350 795 1388 826 et
1405 787 1539 839 digni·

102 845 203 878 tates
231 842 286 879 ita
314 840 557 880 indicantur:
585 845 618 880 1.
647 844 846 894 Magister
874 842 1044 879 militum
1072 845 1115 880 ιἰι
1134 846 1353 893 praesenti,
1382 845 1450 895 qui
1478 845 1540 882 le-

101 896 238 946 giones
259 898 454 948 palatinas
478 911 522 935 vx
546 897 733 947 habebat,
763 899 1038 936 vexillationes
1064 900 1257 950 palatinas
1286 901 1464 950 equitum
1498 912 1537 947 v,

99 953 376 991 vexillationes
418 955 689 992 comitatenses
727 956 849 1006 equit.
889 967 969 1002 vu,
1021 956 1170 992 auxilia
1209 955 1383 1006 palatina
1419 968 1541 993 xvur.

99 1008 151 1044 11.
175 1009 375 1059 Magister
390 1010 562 1047 millium
579 1011 851 1061 inpraesenti,
881 1012 949 1061 qui
962 1011 1140 1060 legiones
1157 1012 1351 1062 palatinas
1372 1024 1436 1060 vt,
1466 1024 1539 1048 ved

98 1062 326 1103 xillationes
350 1067 621 1104 comitatenses
647 1079 707 1113 vt,
737 1066 913 1116 legiones
939 1067 1131 1117 palatinas
1151 1080 1214 1115 vi,
1249 1067 1397 1104 auxilia
1422 1067 1536 1118 pala-

97 1119 181 1156 tina
202 1132 307 1158 xvu.
362 1123 433 1159 111.
460 1123 659 1173 Magister
683 1121 854 1159 milisum
872 1135 949 1172 per
971 1122 1184 1168 Orientem,
1213 1124 1283 1174 qui
1307 1123 1534 1162 vexillatio-

95 1187 168 1212 nes
195 1178 469 1215 comitatenses
494 1190 558 1225 vr,
586 1178 762 1228 legiones
784 1180 1057 1216 comitatenses
1080 1191 1146 1226 nt,
1174 1177 1532 1230 pseudo-comita-

94 1235 226 1269 tenses
245 1234 640 1284 x.1V.Magisler
658 1234 828 1271 militum
842 1247 919 1284 per
944 1233 1150 1278 Thracias,
1180 1236 1249 1286 qni
1267 1234 1445 1284 legiones
1465 1247 1534 1271 co-

93 1287 322 1325 mitatenses
349 1301 448 1336 ιιι,
477 1290 752 1327 vexillationes
781 1290 973 1340 palatinas
998 1291 1176 1341 equitum
1201 1302 1271 1336 111,
1305 1290 1533 1326 vexillatio-

92 1354 165 1379 ncs
193 1344 464 1382 coufiutenses
489 1347 608 1397 equit.
635 1357 691 1382 xv.
746 1346 794 1383 V.
814 1346 924 1395 Mag
899 1346 1014 1381 αι’-σιει-
1030 1345 1201 1382 nulnum
1208 1358 1285 1395 per
1302 1344 1530 1395 Illyricum,

92 1398 164 1448 qui
178 1398 355 1449 legiones
368 1402 641 1438 comitatenses
662 1413 755 1448 Vnt,
784 1401 960 1451 legiones
979 1399 1164 1451 pseudo·
1175 1402 1449 1438 comitatenses
1468 1413 1527 1447 xx,

91 1452 290 1504 legionem
317 1456 533 1506 palatinam
560 1469 598 1504 1,
627 1429 775 1493 auxilia
807 1457 981 1508 palatina
1007 1469 1064 1494 vi.
1120 1455 1202 1493 vid.
1234 1457 1446 1495 Pancirolli
1477 1455 1530 1495 ad

90 1509 181 1549 Not.
199 1510 319 1561 Dign.
335 1511 538 1564 utriusque
556 1514 712 1563 imperii
728 1514 770 1549 in
791 1511 915 1549 Thes.
937 1513 1078 1550 Gmev.
1098 1519 1127 1550 t.
1145 1515 1172 1553 7
1175 1539 1194 1551 .

202 1564 257 1603 ib.
278 1579 318 1603 v.
340 1568 403 1609 15.
460 1564 657 1617 δαπάνην.
713 1566 794 1605 vid.
814 1581 848 1604 c.
869 1569 936 1608 33.

198 1633 240 1671 Ρ.
257 1623 338 1663 206
357 1635 397 1660 v.
417 1622 457 1663 5.
514 1630 557 1660 ut
586 1623 635 1659 ab
662 1624 895 1673 imperatore
915 1623 1062 1659 crimen
1082 1623 1383 1672 magistratuum
1399 1622 1526 1671 pretio

88 1675 339 1714 venditorum
361 1679 617 1725 amoliuntur,
646 1677 696 1714 ad
719 1676 1004 1730 Symmachum
1029 1678 1059 1714 1.
1080 1680 1104 1717 3
1132 1691 1194 1727 ep.
1215 1679 1264 1717 81
1296 1683 1523 1727 provocant,

88 1732 159 1782 qni
185 1733 229 1768 in
253 1734 543 1782 magistratibus
562 1732 843 1771 constituendis
858 1746 1039 1770 severum
1058 1734 1141 1770 eius
1159 1731 1351 1770 iudicium
1370 1732 1522 1768 laudat.

88 1799 136 1824 ea
155 1800 248 1824 vem
270 1801 362 1825 cum
378 1790 420 1825 in
440 1790 604 1841 epistola
621 1788 672 1826 ad
692 1789 895 1836 Rufinum,
925 1790 988 1825 oui
1016 1789 1179 1826 fratrem
1203 1786 1523 1825 commendatum

87 1843 288 1893 cupiebat,
315 1846 459 1895 scripta
487 1847 584 1892 sint,
612 1857 695 1882 non
722 1846 850 1894 magis
882 1843 1002 1881 fidem
1030 1843 1175 1881 habent
1207 1855 1328 1895 quam
1346 1855 1447 1894 quae
1468 1856 1521 1879 ex

86 1899 222 1937 Paceni
239 1899 483 1951 Panegyrico
502 1913 538 1937 c.
560 1902 612 1940 17
629 1899 861 1947 laudantur,
895 1912 1074 1951 quaeque
1096 1913 1167 1950 pro
1189 1899 1318 1935 lubitu
1339 1901 1460 1935 etiam
1477 1900 1520 1935 in

87 1956 279 1992 contraria
298 1955 401 1993 trahi
418 1969 532 2006 posse
552 1955 747 1993 videntur.
803 1957 930 1994 maior
949 1962 1007 1993 est
1027 1954 1124 1993 fides
1144 1967 1266 2006 penes
1283 1952 1519 2005 Chrysosto-

84 2021 198 2047 muna
224 2010 307 2060 (or.
325 2013 377 2051 16
396 2012 447 2049 ad
464 2025 557 2064 pop.
577 2010 911 2049 Antiochenumt.
926 2014 955 2051 2
983 2024 1024 2062 Ρ.
1043 2010 1122 2052 164
1140 2009 1204 2047 ed.
1220 2009 1418 2058 Bened.)‚
1448 2010 1518 2059 qui

86 2077 179 2102 cum
207 2067 366 2104 Zosimo
396 2070 613 2117 conspirat:
642 2067 788 2107 ἐκεῖναι
810 2066 881 2118 μὲν
897 2063 974 2120 yda
997 2065 1043 2105 αἱ
1056 2063 1193 2130 ἆρχαὶ
1191 2081 1239 2106 ου
1259 2063 1422 2105 πάντων
1442 2063 1520 2104 εἰσὶ

83 2122 172 2171 τῆς
187 2135 287 2160 κατα
312 2120 451 2173 ψυχὴν
474 2121 616 2175 αἱρετῆς
641 2119 881 2171 ἀποδείξεις·
907 2118 1116 2173 χρημάτων
1142 2117 1219 2174 γάρ
1247 2121 1347 2160 εἰσιν
1367 2134 1516 2170 ωνηται

83 2174 156 2215 καὶ
181 2177 311 2225 φίλων
338 2180 560 2227 κολακείαις
587 2179 778 2232 γίνονται.
833 2179 885 2216 cf.
917 2180 978 2216 tit.
1003 2191 1038 2216 o.
1065 2176 1145 2216 Th.
1176 2176 1228 2215 ad
1257 2177 1337 2227 leg.
1365 2176 1442 2213 Iul.
1465 2173 1515 2211 de

83 2231 250 2325 aubia.
269 2301 309 2325 Υ.
323 2290 364 2329 8.
420 2290 472 2327 cf.
489 2291 520 2328 l.
538 2292 640 2330 13⁶.
658 2288 739 2328 Th.
757 2287 807 2326 de
827 2294 995 2339 suscept.
1016 2295 1055 2326 et
1071 2289 1129 2326 ibi
1142 2289 1295 2326 Comm.
1352 2285 1514 2337 provin-

84 2343 155 2381 ciis
181 2345 491 2383 numulariorum
518 2347 697 2397 quaestui
726 2344 1016 2382 committendis
1039 2357 1130 2382 cum
1152 2346 1232 2380 iam
1253 2356 1276 2379 a
1300 2342 1513 2391 superiori-

81 2398 156 2436 bus
197 2398 334 2436 datum
371 2403 423 2439 sit
460 2401 759 2452 imperatoribus
784 2402 1013 2464 exemplum
1050 2400 1169 2451 (nam
1195 2399 1513 2436 Valentinianum

81 2454 315 2492 Ammianus
330 2458 384 2496 30
410 2458 436 2496 9
462 2456 620 2504 laudat,
649 2457 756 2508 quod
764 2458 994 2506 provincias
1011 2456 1167 2493 venales
1191 2468 1270 2492 non
1288 2451 1512 2500 hahuerit),

83 2522 131 2546 ea
149 2522 212 2548 res
229 2524 333 2548 nova
350 2518 468 2563 atque
486 2514 660 2550 insolens
673 2511 811 2550 haberi
825 2526 907 2550 non
925 2511 1056 2550 debet.

189 2564 245 2602 ib·
272 2579 313 2604 V·
341 2569 407 2607 12.
463 2570 664 2620 copiarum
708 2567 923 2606 admodum
959 2570 1148 2617 exiguum
1188 2575 1398 2600 numerum
1436 2559 1509 2597 sub

80 2618 308 2665 Theodosio
337 2622 482 2671 fuisse,
510 2626 583 2662 etsi
608 2622 854 2662 Themistius
880 2637 904 2661 a
929 2622 1156 2661 Theodosio
1181 2621 1350 2656 maiores
1379 2618 1511 2666 copias

81 2687 202 2726 ‘lum
220 2689 396 2730 unquam
414 2678 596 2718 habuerit
614 2680 719 2720 orbis
735 2682 936 2719 Romanus
957 2678 1111 2716 habitas
1133 2677 1254 2714 fuisse
1273 2674 1510 2726 pronuntiat,
