1812 3016
283 129 380 174 372
759 149 762 152 ·
819 125 1177 169 REITEMEIERI

391 250 430 288 p.
454 234 528 276 135
545 248 584 272 v.
602 237 642 276 9.
701 236 888 288 quoniam
903 236 1043 273 Parisii
1060 248 1139 272 non
1157 233 1390 272 Germaniae
1405 235 1497 274 urbs
1513 235 1607 284 fuit,
1635 249 1717 274 vox
1769 256 1772 258 v

284 293 501 345 Γερμανίας
518 297 696 342 suspecta
715 292 882 329 Cellario
902 293 983 328 visa
996 320 1006 340 ,
1037 291 1084 329 ab
1109 290 1258 328 editore
1280 292 1516 339 Oxoniensi‚
1546 293 1715 330 Galliam

283 351 472 389 Celticum
494 361 539 385 eo
560 349 719 384 nomine
741 346 1062 398 comprehensam
1081 349 1380 398 interpretante,
1409 347 1570 399 probata
1588 355 1660 386 est.
1695 353 1699 356 ’

391 404 445 442 ib.
468 417 505 441 v.
531 402 593 445 14.
650 417 773 440 unum
809 402 926 440 modo
961 404 1140 440 libellum
1173 409 1367 440 memorat
1405 409 1445 440 et
1481 405 1715 441 Ammianus

280 465 335 503 20
365 463 393 501 7
423 467 462 497 et
493 459 667 496 Iulianus
695 461 778 510 ipse
800 473 862 510 ep.
882 459 933 496 ad
949 458 1095 497 Athen.
1116 459 1159 500 ἐν
1181 474 1307 514 tom-go
1325 454 1502 526 θόρυβος
1519 457 1644 507 πολυς
1661 456 1715 512 ἦν

279 517 370 570 περὶ
388 513 543 563 πάντας
563 530 657 583 τὀυς
678 513 836 562 ἰδιώτας
855 514 921 555 καὶ
942 527 1193 567 στρατιωτας,
1221 499 1291 555 καὶ
1311 529 1457 568 γραφει
1478 531 1536 563 τις
1557 511 1715 555 α’νώνυ-

280 589 355 626 μος
381 573 436 619 εἰς
464 587 537 623 την
566 567 816 636 ἀστυγείτονα
838 586 905 623 μοι
930 569 1065 621 πόλιν,
1095 568 1194 623 πρός
1215 586 1310 619 τους
1332 567 1604 620 Πετουλοὶντας
1622 574 1715 612 vov'-

278 628 391 670 τουσὶ
411 627 478 667 καὶ
504 623 689 675 Κελτούς.

389 698 428 735 p.
453 685 529 723 136
549 696 587 719 v.
606 686 645 724 3.
702 683 875 719 Iulianus
905 695 994 719 cum
1016 694 1177 732 vespere
1201 682 1369 719 clamore
1392 682 1596 719 militum·
1584 695 1714 733 lmpe-

278 747 382 778 rator
409 740 597 777 salutatus
624 737 779 789 prodire
806 738 949 784 nollet,
981 744 1018 774 et
1045 750 1146 789 quae
1169 738 1205 774 ei
1227 737 1461 775 offerebatur
1482 737 1713 788 dignitatem

278 795 529 841 detrectaret,
559 801 712 844 postero
743 793 824 840 die,
855 794 1026 830 militum
1052 794 1307 844 postulationi
1332 801 1370 831 et
1395 795 1561 844 imperio
1582 795 1713 846 potius

277 864 398 903 quam
425 850 605 901 precibus
635 849 861 897 obsecutus,
891 847 1112 886 diademate
1142 851 1259 900 capiti
1289 850 1372 887 eius
1393 851 1577 901 imposito
1602 863 1713 888 sum-

275 920 384 944 mam
402 912 635 957 potestatem
656 906 816 956 accepit.

388 961 442 999 ib.
466 974 504 998 v.
523 961 564 1002 4.
619 961 736 1025 plane
761 967 805 997 ut
827 961 1060 997 Ammianus
1081 963 1134 1001 20
1162 962 1210 1001 9:
1239 961 1443 1011 impositas·
1465 968 1573 998 scuto
1587 961 1712 1012 pede-

276 1019 350 1056 stri
379 1025 416 1054 et
441 1016 623 1054 sublatus
649 1018 799 1053 eminus
823 1016 971 1066 populo
1002 1016 1077 1066 (al.
1105 1016 1234 1064 nullo)
1263 1017 1398 1054 silente
1415 1016 1629 1068 Augustus
1649 1031 1712 1055 re-

276 1075 495 1112 nuntiatur.
557 1073 675 1110 ritum
705 1072 810 1109 hunc
837 1085 889 1109 ex
917 1073 1062 1123 optimo
1096 1073 1281 1123 scriptore
1308 1071 1441 1110 hausit
1470 1071 1711 1125 Nicephorus

277 1131 426 1168 callist.
446 1129 516 1166 lib.
536 1130 587 1169 11
610 1127 658 1166 de
676 1129 963 1166 Valentiniano.
1026 1128 1170 1165 Cellar.

386 1185 439 1222 ib.
469 1198 509 1222 v.
539 1187 578 1224 6.
636 1182 822 1234 διάδημα.
877 1184 1178 1221 tumultuarium
1213 1195 1266 1221 ex
1294 1190 1434 1235 torque
1469 1184 1606 1222 militis
1638 1197 1709 1236 pro

276 1248 452 1292 tempore
479 1242 639 1278 factum.
696 1239 777 1277 vid.
799 1241 973 1276 Iulianus
997 1253 1058 1290 ep.
1082 1239 1133 1276 ad
1151 1238 1321 1288 Athen.,
1358 1241 1558 1277 Ammian.
1583 1242 1638 1281 20
1666 1242 1708 1290 9,

275 1299 451 1334 maxime
470 1298 641 1333 Zonaras
657 1297 699 1331 in
714 1297 880 1333 Iuliano.
908 1295 1051 1332 Cellar.
1089 1309 1178 1332 cum
1196 1297 1370 1333 Iulianus
1387 1297 1588 1347 Augustus
1608 1303 1710 1334 esset

275 1353 515 1403 appellatus,
555 1353 583 1388 ii
613 1352 682 1402 qui
714 1349 843 1387 adhuc
873 1351 1087 1387 Constantii
1117 1352 1292 1402 partibus
1313 1350 1460 1389 addicti
1482 1358 1521 1389 et
1541 1352 1707 1400 Iuliano,

276 1421 396 1460 quem
419 1407 595 1445 viderant
617 1419 793 1444 summae
814 1419 942 1443 rerum
962 1407 1207 1456 impositum,
1236 1407 1370 1444 infesti
1394 1414 1526 1455 erant,
1556 1409 1709 1446 animos

274 1464 447 1501 militum
475 1461 752 1510 abalienando,
782 1469 825 1499 ut
844 1463 1011 1499 exitium
1033 1463 1069 1498 ei
1086 1469 1267 1513 pararent
1286 1475 1446 1513 operam
1469 1461 1635 1510 dabant3
1665 1477 1708 1501 re

274 1526 406 1556 autem
426 1520 579 1568 cognita
597 1520 652 1555 ita
671 1519 817 1555 exarsit
838 1519 1014 1554 omnium
1030 1518 1108 1565 ira,
1135 1525 1179 1555 ut
1197 1518 1246 1555 ab
1263 1519 1312 1555 iis
1329 1519 1520 1569 impetum
1540 1526 1578 1556 et
1595 1519 1708 1557 furo'-

273 1588 358 1612 rem
378 1573 639 1612 multitudinis
660 1575 833 1610 Iulianus
851 1575 920 1610 vix
941 1586 1011 1610 sua
1031 1576 1256 1611 auctoritate
1275 1572 1483 1624 prohibere
1505 1581 1651 1625 posset.

384 1630 437 1667 ib.
458 1643 496 1668 v
519 1632 581 1671 10.
638 1628 852 1667 secundum
868 1630 1122 1666 Ammianum
1139 1632 1192 1670 20
1220 1631 1246 1669 8
1273 1630 1448 1667 Iulianus
1466 1629 1546 1667 ad’
1534 1643 1709 1682 nupera-

271 1693 398 1724 torem
431 1687 539 1723 misit
569 1686 775 1736 epistolas,
821 1685 962 1736 quibus
992 1674 1174 1722 adiunxit
1200 1698 1321 1722 unam
1346 1687 1530 1736 privatim
1561 1685 1707 1736 datam,

274 1755 352 1794 qua
370 1755 459 1779 cum
476 1742 683 1778 acerbitate
702 1754 791 1778 eum
809 1742 1067 1791 increpuerat.
1103 1742 1187 1791 ipse
1204 1742 1378 1779 Iulianus
1398 1741 1479 1806 (ep.
1495 1740 1547 1779 ad
1560 1741 1707 1781 Athen.

272 1811 312 1848 p.
336 1797 415 1838 285
444 1796 488 1846 6)
520 1798 715 1834 communi
745 1797 947 1846 legionum
974 1798 1134 1833 nomine
1162 1795 1271 1834 datas
1289 1797 1452 1835 literas'
1441 1811 1602 1850 msuper
1618 1811 1707 1836 me-

274 1860 420 1890 morat:
451 1869 606 1891 απαντα
621 1868 669 1892 τα
687 1867 766 1904 παρ
775 1825 894 1903 'binni
906 1849 1087 1919 τάγματα
1104 1849 1204 1904 πρὸς
1225 1848 1344 1893 αυτὸν
1362 1852 1538 1904 ἔπεμψεν
1551 1853 1706 1895 ἐπιστο-

272 1907 367 1956 λάς,
396 1905 615 1948 ἱκετεύοντα
635 1907 722 1959 περὶ
744 1910 816 1959 τῆς
841 1904 940 1959 πρὸς
959 1904 1154 1957 ἀλλήλους
1170 1906 1269 1977 ’ἡμῖν
1287 1906 1481 1975 ὁμονοίας

385 1962 788 2003 ib.v.8.1ulianus
819 1963 848 2000 l.
878 1977 910 2000 c.
937 1960 1012 2015 ἐγώ
1039 1961 1082 2003 δὲ
1108 1978 1202 2011 τους
1230 1960 1345 2014 μὲν
1321 1979 1465 2013 ορκους
1485 1959 1629 2014 αὐτοῦ,
1658 1980 1702 2006 το

256 2021 342 2071 >τῆς
362 2019 592 2070 παροιμίας,
621 2015 732 2070 οἶμαι
752 2019 836 2058 δεῖν
856 2018 910 2066 εἰς
930 2019 1080 2069 τέφραν
1097 2015 1284 2071 γραφειν·
1315 2034 1440 2066 ουτως
1465 2019 1540 2060 εἰσὶ
1558 2021 1703 2062 πιστοί.

382 2073 434 2110 ib.
456 2086 495 2110 v.
518 2076 581 2114 15.
639 2080 878 2125 quantopere
897 2076 938 2110 in
958 2075 1119 2112 occultis
1138 2081 1177 2111 et
1196 2073 1246 2111 ad
1260 2087 1473 2125 paucorum
1489 2074 1608 2113 modo
1625 2074 1704 2114 ho-

271 2130 424 2166 minum
440 2129 620 2166 notitiam
639 2128 816 2167 adductis
836 2130 950 2167 rebus
970 2131 1092 2167 variet
1108 2131 1236 2178 fama,
1266 2131 1330 2167 vel
1358 2128 1425 2167 hic
1450 2131 1559 2168 locus
1583 2143 1702 2182 argu-

272 2193 403 2222 mento
438 2185 523 2221 erit.
581 2186 780 2232 Zosimus,
811 2186 873 2222 cui
898 2186 1030 2223 nullus
1060 2198 1195 2223 eorum
1221 2187 1290 2237 qui
1313 2193 1519 2237 supersunt
1534 2188 1702 2238 scripto-

272 2254 360 2278 rum
394 2239 672 2290 adstipulatur,
712 2241 863 2277 Iuliano
893 2254 973 2277 non
1001 2240 1119 2278 modo
1149 2243 1394 2292 imperatoris
1423 2241 1495 2279 sed
1524 2243 1701 2281 Caesaris

272 2309 428 2348 quoque
459 2295 689 2345 dignitatem
714 2309 736 2332 a
765 2297 988 2333 Constantio
1018 2297 1243 2347 abrogatam
1267 2298 1421 2345 scribit3
1465 2299 1699 2336 Ammianus

270 2355 324 2392 20
355 2355 407 2393 23
437 2353 509 2388 etsi
534 2364 622 2388 cum
645 2353 796 2388 Victore
827 2352 888 2402 (c.
913 2351 992 2402 65)
1020 2353 1062 2389 in
1083 2366 1129 2390 eo
1149 2354 1359 2402 conspiret,
1389 2360 1433 2390 ut
1448 2360 1578 2390 narret
1592 2355 1698 2391 Con-

270 2409 456 2445 stantium
475 2408 511 2443 ei
524 2408 736 2457 imperasse
763 2413 807 2443 ut
829 2420 1005 2444 reversus
1024 2409 1066 2444 in
1086 2414 1230 2445 statum
1246 2421 1468 2460 nomenque
1489 2411 1698 2459 pristinum

269 2463 372 2499 intra
399 2464 572 2500 Caesaris
598 2475 639 2499 se
663 2463 878 2499 contineret
898 2469 1150 2512 potestatem,
1180 2476 1260 2500 non
1279 2466 1405 2513 magis
1428 2471 1557 2501 tamen
1576 2477 1696 2515 quam

268 2519 448 2555 Zosimus
468 2531 552 2555 rem
569 2530 701 2556 veram
719 2518 859 2567 attigit.
917 2519 1090 2556 Iulianus
1111 2520 1234 2566 enim,
1265 2521 1435 2569 optimus
1455 2532 1585 2556 rerum
1602 2533 1696 2556 sua-

269 2586 357 2610 rum
382 2576 513 2621 testis,
542 2574 584 2610 in
610 2573 772 2624 epistola
789 2572 838 2609 ad
852 2571 1110 2613 Athenienses
1126 2575 1258 2611 scribit
1283 2575 1552 2611 constantium
1573 2577 1694 2613 misso

266 2630 445 2679 Epicteto
475 2628 592 2666 fidem
623 2628 671 2666 de
700 2629 823 2666 salute
852 2629 1002 2665 Iuliano
1031 2628 1204 2677 dedisse,
1242 2630 1352 2666 nulla
1382 2629 1581 2680 dignitatis
1611 2631 1693 2668 sive

267 2683 519 2733 deponendae
539 2687 620 2722 sive
639 2683 863 2722 retinendae
881 2684 983 2720 facta
1000 2686 1220 2732 mentione,
1251 2700 1305 2731 ως
1327 2700 1401 2725 ουκ
1425 2681 1694 2737 ἀφαιρησόμε-

264 2753 333 2787 νος
350 2742 421 2780 τοῦ
440 2741 530 2792 ζῆν,
559 2739 660 2795 υπέρ
675 2755 715 2782 τε
732 2743 804 2793 τῆς
820 2742 938 2794 τιμῆς
952 2735 1070 2783 οὐδὲν
1087 2755 1339 2794 μνημονενει.
1395 2742 1592 2780 Iulianum
1612 2751 1698 2780 non
