1812 3016
302 84 396 131 176
919 85 1129 130 -ZOSIMI

435 199 481 243 3.
552 196 719 242 Τούτων
745 198 881 250 αὐτοῖς
903 198 1008 242 οὕτω
1029 199 1309 254 διακειμένων,
1342 197 1470 243 ἓδόκει
1489 203 1548 258 τῷ
1573 199 1753 243 Οὐαλεν-

300 272 485 325 τινιανῷ,
515 267 726 325 διελομένῳ
752 268 853 325 πρὸς
883 268 952 310 τὸν
984 267 1160 325 ἀδελφὸν
1188 269 1260 323 τὴν
1276 267 1418 326 ἀρχήν,
1450 269 1662 324 ἐπιτρέψαι
1678 269 1752 322 μὲν

300 336 411 394 αὐτῷ
441 336 514 390 τὴν
543 335 646 394 ἑῴαν
672 335 787 391 ἄχρις
816 335 1027 392 Αἰγύπτου
1053 339 1120 379 καὶ
1147 339 1348 387 Βιθυνίας
1367 338 1435 378 καὶ
1461 335 1639 396 Θρᾴκης,
1676 340 1750 378 λα*

297 402 424 457 βάντα
443 406 486 446 δὲ
507 405 580 455 τὰς
603 406 644 447 ἐν
662 405 871 460 Ἰλλυριοῖς
893 403 1028 455 πόλεις
1051 405 1172 447 αὐτὸν
1203 407 1259 456 εἷς
1281 405 1354 460 τὴν
1369 405 1542 447 Ἰταλίαν
1561 406 1750 460 διαβῆναι

297 474 365 514 καὶ
386 473 460 523 τὰς
481 474 522 515 ἐν
538 471 664 529 ταύτῃ
689 471 823 522 πόλεις
847 473 947 527 ἔχειν
968 471 1046 530 ὕφ’
1075 472 1207 531 ἑαυτῷ
1227 474 1330 527 μετὰ
1353 478 1434 515 τῶν
1454 471 1554 529 ὗπὲρ
1571 472 1646 522 τὰς
1656 471 1784 515 ’AR-5

296 557 383 591 πεις
417 542 549 584 ἐθνῶν
569 542 747 598 Ἰβηρίας
769 558 809 583 τε
844 544 909 583 καὶ
939 546 1011 596 τῆς
1043 545 1313 598 Βρεττανικῆς
1339 539 1462 596 νήσου
1495 542 1561 582 καὶ
1585 539 1754 595 Λιβύης

298 607 471 664 ἀπάσης.
539 614 610 664 τῆς
628 611 758 651 τοίνυν
779 610 906 666 ἀρχῆς
925 609 1029 651 οὕτω
1049 611 1343 666 διαιρεθείσης,
1379 607 1400 651 ὃ
1425 608 1754 658 Οὖαλεντινιανὸς

297 678 609 734 ἐμβριθέστερον
622 682 672 734 τῇ
686 668 791 733 ἀρχῇ
809 678 1047 734 προσελθών
1067 677 1266 734 ἄρχοντάς
1284 695 1326 720 τε
1343 678 1385 719 ἓν
1406 676 1547 734 κόσμῳ
1567 681 1752 734 προῆγεν,

296 747 363 787 καὶ
393 748 482 802 περὶ
504 746 578 796 τὰς
605 745 828 802 εἷσπράξεις
850 751 931 788 τῶν
953 748 1151 803 εῗσᾳοριῦν
1176 748 1243 788 καὶ
1273 745 1347 796 τὰς
1379 747 1422 787 ἔκ
1449 743 1603 787 τούτων
1622 761 1752 801 χορη·

296 815 493 869 γουμένας
526 814 816 870 στρατιωτικὰς
840 813 1014 867 σιτήσεις
1047 812 1334 870 ἀκριβέστατος
1367 809 1429 869 ἦν.
1510 814 1593 855 ἐπεὶ
1618 814 1662 855 δὲ
1684 814 1752 855 καὶ
1765 819 1808 853 10

295 880 430 936 νόμων
459 882 653 939 εἰσφορὰς
681 880 838 937 ἐγνώκει
872 881 1147 936 ποιήσασθαι,
1186 882 1263 939 ἀφ’
1301 881 1434 931 ἑστίας
1460 881 1594 938 ὥσπερ
1625 879 1753 938 ἀρξά-

295 967 414 1003 μενος
437 950 510 1000 τὰς
532 950 761 1006 νυκτερινὰς
783 948 928 991 ἐκώλυε
951 952 1101 1000 θυσίας
1127 951 1417 1002 ἐπιτελεῖσθαι,
1452 956 1536 999 τοῒς
1559 954 1755 1006 μυσαρῶς

294 1019 372 1071 μὲν
405 1013 476 1060 οὖν
503 1019 791 1074 πραττομένοις
819 1018 1005 1071 ἐμποδὼν
1032 1018 1099 1060 διὰ
1127 1024 1198 1060 τοῦ
1223 1020 1379 1060 τοιοῦδε
1411 1015 1538 1071 νόμου
1567 1018 1772 1072 γενέσθαι,

298 1085 564 1140 βουλόμενος·
602 1088 682 1128 ἐπεὶ
705 1087 748 1128 δὲ
764 1084 1064 1143 Πραιτεξτάτος
1081 1085 1101 1127 ὃ
1122 1091 1194 1141 τῆς
1208 1084 1404 1136 Ἑλλάδος
1423 1085 1496 1140 τὴν
1519 1083 1754 1128 ἀνθύπατον

300 1154 401 1208 ἔχων
427 1153 581 1211 ἀρχήν,
617 1154 716 1210 ἀνὴρ
746 1156 787 1195 ἐν
821 1153 970 1204 πάσαις
1001 1155 1229 1211 διαπρέπων
1267 1161 1357 1204 ταῖς
1391 1154 1576 1210 ἀρεταῖς,
1610 1157 1752 1195 τοῦτον
1764 1158 1807 1193 15

298 1221 378 1279 ἔφη
409 1223 479 1264 τὸν
506 1221 630 1276 νόμον
662 1223 835 1276 ἀβίωτον
867 1229 951 1272 τοῖς
973 1222 1138 1277 ’Ἑλλησι
1170 1221 1433 1277 καταστήσειν
1461 1222 1530 1264 τὸν
1562 1223 1676 1274 βίον,
1718 1223 1754 1263 εἶ
1770 1236 1776 1237 ’

296 1292 478 1344 μέλλοιεν
493 1289 725 1332 κωλύεσθαι
751 1290 802 1332 τὰ
831 1291 1046 1344 συνέχοντα
1073 1291 1119 1332 τὸ
1147 1289 1401 1347 ἀνθρώπειον
1419 1291 1530 1345 γε’νος
1552 1287 1753 1344 ἁγιώτατα

295 1356 500 1415 μυστήρια
525 1358 629 1400 κατὰ
655 1358 811 1411 θεσμὸν
835 1359 1021 1410 ε’κτελεῖν,
1057 1359 1270 1415 ἐπέτρεψεν
1295 1358 1514 1415 ἀργοῦντος
1530 1362 1601 1399 τοῦ
1625 1355 1752 1411 νόμον

294 1425 548 1482 πράττεσθαι
580 1424 710 1468 πάντα
733 1425 837 1468 κατὰ
870 1427 920 1468 τὰ
949 1428 992 1476 ἐξ
1013 1426 1140 1483 ἀρχῆς
1170 1424 1334 1482 πάτρια.
1401 1430 1481 1467 τῶν
1501 1425 1543 1467 δὲ
1562 1423 1662 1481 ὖπέρ
1682 1425 1758 1475 ’τὸν>

286 1492 427 1546 Ῥῆνον
445 1492 683 1551 βαρβάρων,
718 1494 792 1544 ἕως
814 1496 887 1548 μὲν
904 1494 1129 1544 Ἰουλιανὸς
1151 1499 1312 1550 περιῆν,
1338 1492 1384 1536 τὸ
1394 1491 1602 1547 Ῥωμαίων
1622 1492 1808 1548 &vortam

292 1561 502 1614 circitorum,
540 1561 785 1618 ἀγαπώντων
812 1563 911 1604 τε-εῗ
937 1565 1078 1618 μηδεὶς
1108 1563 1246 1612 αὐτοῖς
1270 1562 1373 1604 κατὰ
1393 1559 1535 1618 χώραν
1562 1561 1752 1615 μένουσιν

289 1631 484 1685 ἐνοχλοίη,
519 1635 591 1685 τῆς
627 1628 770 1673 τούτου
800 1635 985 1685 τελευτῆς
1012 1632 1272 1686 ἀγγελθείσης
1298 1627 1578 1684 ἀπανέστησαν
1607 1628 1751 1676 αὐτίκα

290 1703 371 1740 τῶν
405 1700 560 1741 οἰκείων
585 1699 704 1753 ἠθῶν
735 1700 803 1741 καὶ
831 1698 933 1755 πρὸς
963 1698 1032 1741 τὸν
1060 1699 1164 1742 κατὰ
1185 1697 1394 1752 Ῥωμαίων
1411 1695 1750 1755 παρεσκευάζοντο

386 1817 430 1851 10
452 1813 710 1862 ἀκριβέστερος
731 1815 772 1850 L.
826 1865 831 1870 ι
923 1817 965 1851 19
983 1820 1061 1862 post
1075 1814 1306 1861 πράττεσθαι
1320 1827 1396 1852 cum
1408 1816 1443 1851 R
1455 1813 1552 1853 omisi
1566 1813 1621 1853 δέ.

385 1919 420 1953 3.
467 1917 534 1951 His
558 1917 605 1951 ita
635 1917 841 1960 constitutis,
865 1917 972 1951 visum
995 1920 1048 1951 est
1075 1917 1327 1961 Valentiniano,
1349 1917 1459 1952 diviso
1479 1928 1552 1952 cum
1569 1918 1676 1951 fratre
1688 1915 1751 1952 im·-

294 1963 402 2007 perio,
427 1973 526 1995 curae
555 1963 686 2006 quidem
712 1963 801 1996 illius
831 1962 1007 1997 Orientem
1031 1963 1074 1996 ad
1098 1967 1290 2008 Aegyptum
1312 1974 1421 2008 usque
1435 1963 1696 2007 Bithyniamque
1710 1973 1752 2004 ac

295 2008 477 2041 Thraciam
495 2008 707 2052 permittere,
732 2020 768 2042 se
784 2019 865 2042 vero
881 2008 1036 2042 sortitum
1054 2008 1208 2052 Illyricas
1222 2008 1324 2042 urbes
1339 2009 1373 2042 in
1388 2008 1517 2042 ltaliam
1535 2008 1679 2042 transire
1693 2013 1750 2042 at-

295 2065 362 2096 que
388 2054 488 2086 urbes
513 2054 547 2086 in
570 2064 609 2086 ea
626 2054 706 2087 sitas
719 2078 728 2095 ,
754 2065 819 2087 una
836 2066 907 2087 cum
923 2054 1138 2098 transalpinis
1153 2054 1344 2088 nationibus
1360 2059 1396 2087 et
1411 2053 1576 2098 Hispania
1592 2059 1628 2087 et
1641 2053 1750 2088 naula

294 2098 470 2132 Britannia
484 2102 625 2142 totaque
643 2099 768 2142 Africa,
788 2099 851 2132 iuri
866 2109 927 2133 suo
942 2110 1130 2133 reservare.
1175 2099 1282 2133 diviso
1296 2099 1331 2132 in
1347 2099 1435 2132 huuc
1449 2099 1582 2133 modum
1597 2098 1750 2144 imperio,

294 2143 550 2178 Valentinianus
575 2149 716 2188 occepta
741 2145 892 2178 severius
911 2146 1157 2188 gubernatione
1175 2144 1390 2187 magistratus
1405 2149 1501 2178 recte
1515 2149 1618 2189 atque
1633 2143 1750 2178 ordine

293 2188 536 2229 constituebat,
562 2194 597 2222 et
620 2189 654 2222 in
671 2188 901 2224 exactionibus
916 2190 1116 2223 tributorum
1136 2200 1182 2223 ac*
1191 2189 1390 2223 militaribus
1412 2189 1553 2224 annonis
1568 2200 1656 2234 quae
1668 2188 1749 2222 inde

291 2235 618 2280 suppeditabantur,
649 2234 865 2278 rigidissimus
889 2240 971 2268 erat.
1019 2240 1056 2268 et
1078 2235 1155 2280 quia
1173 2235 1283 2279 legum
1302 2243 1438 2279 quoque
1461 2234 1748 2279 promulgationes
1773 2242 1783 2244 ’

292 2279 470 2314 instituere
485 2279 706 2320 decreverat,
732 2291 873 2313 exorsus
888 2281 931 2313 ab
947 2280 1021 2324 ipso
1039 2281 1123 2322 lare,
1147 2281 1235 2325 quod
1252 2280 1356 2324 aiunt,
1378 2285 1545 2314 nocturna
1562 2291 1660 2314 sacra
1673 2279 1751 2313 fieri

293 2326 482 2370 prohibuit3
507 2336 572 2369 qua
597 2325 672 2368 lege
697 2336 854 2359 coercere
877 2326 1017 2359 volebat
1032 2338 1073 2360 ea
1088 2337 1175 2370 quae
1190 2325 1356 2359 scelerate
1373 2325 1643 2369 designarentur.
1690 2324 1750 2358 sed

296 2383 369 2405 cum
384 2372 645 2410 Praetextatus,
670 2370 727 2414 qui
743 2371 942 2414 proconsule
959 2371 1136 2404 Graeciam
1154 2371 1426 2413 administrabat,
1449 2371 1501 2404 vir
1517 2370 1604 2404 omni
1621 2369 1750 2403 virtute

293 2424 488 2461 praestans,
511 2415 596 2449 hanc
622 2415 729 2458 legem
754 2415 882 2448 diceret
908 2416 1010 2448 vitam
1037 2416 1246 2449 iniucundam
1271 2420 1307 2448 et
1322 2417 1478 2449 acerbam
1494 2415 1587 2449 victu
1604 2411 1749 2448 Graecis

293 2463 496 2506 parituram,
522 2459 551 2494 si
570 2461 715 2494 futurum
741 2467 830 2493 esset
855 2466 891 2493 ut
914 2461 1075 2503 mysteria
1097 2461 1323 2502 sanctissima,
1348 2472 1436 2505 quae
1451 2472 1558 2504 genus
1573 2461 1748 2494 humanum

293 2508 514 2547 continerent,
545 2506 813 2551 prohiberentur,
837 2506 955 2550 peragi
979 2518 1020 2540 ea
1044 2507 1120 2547 rite,
1143 2507 1177 2539 vi
1197 2506 1280 2549 legis
1300 2518 1383 2540 suae
1401 2511 1564 2546 cessante,
1588 2505 1749 2549 permisit,

294 2552 343 2586 ita
358 2558 468 2586 tamen
485 2557 522 2586 ut
536 2551 642 2585 omnia
657 2551 836 2584 secundum
851 2551 995 2595 patritas
1011 2551 1276 2593 consuetudines,
1293 2553 1409 2595 quales
1421 2552 1464 2584 ab
1479 2550 1574 2584 initio
1589 2550 1745 2590 fuissent,

295 2599 550 2643 perficerentur.
603 2596 833 2630 transrhenani
857 2607 940 2628 vero
967 2597 1112 2637 barbari,
1137 2597 1193 2641 qui
1216 2607 1313 2640 quarn
1337 2597 1393 2629 diu
1413 2596 1556 2629 Iulianus
1571 2599 1744 2639 superstes

296 2649 372 2676 erat
385 2670 394 2685 ,
419 2655 539 2677 nomen
564 2643 748 2676 Romanum
775 2641 985 2681 metuebant,
1010 2647 1043 2674 et
1061 2648 1115 2675 sat
1130 2642 1298 2675 habebant
1312 2642 1340 2674 si
1353 2652 1449 2674 nemo
1465 2641 1543 2685 quid
1559 2641 1608 2683 eis
1622 2641 1656 2673 in
1671 2639 1745 2673 solo

295 2700 356 2722 suo
372 2688 622 2733 quiescentibus
638 2687 812 2721 exhiberet
834 2685 1023 2729 molestiae,
1049 2692 1156 2720 morte
1181 2687 1298 2719 Iuliani
1320 2686 1472 2720 nuntiata
1496 2686 1566 2719 suis
1586 2684 1745 2719 continuo

295 2734 430 2770 sedibus
457 2733 585 2780 egressi
610 2734 655 2769 ad
678 2733 860 2779 gerendum
888 2737 1005 2766 contra
1029 2731 1198 2767 Romanos
1218 2732 1339 2767 bellum
1361 2742 1435 2767 sese
1459 2731 1635 2777 parabant.
1679 2739 1746 2775 quo
