1812 3016
261 74 354 120 172
682 44 683 47 ¹
881 75 1075 119 zosmu

256 189 367 246 αὐτῷ
399 186 607 246 ἀνεγεῖραι.
694 187 894 245 τοσαύτην
926 188 1087 244 ἴσχυσεν
1129 187 1276 247 ἀνδρὸς
1309 187 1397 241 ἕνὸς
1427 189 1588 247 τελευτὴ
1618 197 1701 243 τοῖς

254 264 400 307 κοινοῖς
423 256 652 315 πράγμασιν
678 258 891 313 ἐμποιῆσαι
913 256 1153 313 μεταβολήν.

384 326 582 380 Ἰοβιανοῦ
607 326 651 367 δὲ
675 329 832 383 σπουδῇ
850 327 924 377 τὰς
944 325 1077 377 πόλεις
1101 324 1406 383 διαδραμόντος,
1441 324 1508 369 οἶα
1532 326 1582 382 δὴ
1606 326 1698 370 πέν-

252 399 319 437 θει
337 396 404 438 καὶ
423 392 654 450 στυγνότητι
675 399 755 437 τῶν
773 394 959 437 πόλεων
941 396 1137 449 εχομένων
1158 397 1224 436 καὶ
1243 396 1281 437 ιλ
1271 395 1382 452 αρόν
1395 394 1547 437 οὖδὲν“
1521 413 1546 449 η
1559 393 1699 452 χάριεν

252 465 520 514 ἐνδείξασθαι,
556 458 788 520 xa-Jca'nep3
761 482 810 518 ην
834 463 931 513 ἔθος
953 471 1037 514 τοῖς
1053 462 1199 506 αὐτόθι
1219 462 1375 518 δήμοις,
1407 462 1732 520 υφισταμένων,5

249 532 509 588 παρεγένοντο
538 532 612 585 μὲν
644 536 724 574 τῶν
757 536 1011 589 στρατιωτῶν
1043 531 1130 574 ὅσοι
1155 532 1228 586 τὴν
1250 533 1498 589 δορυφορίαν
1517 529 1621 585 εἶχον
1645 534 1711 582 εἷς»

248 600 321 654 τὴν
340 598 580 653 Ἀντιόχειαν
610 598 697 653 ἅμα
730 605 790 659 τῷ
807 605 990 655 βασιλεῖ’,
1025 602 1151 643 εἵπετο
1186 602 1228 642 δὲ
1250 602 1315 642 καὶ
1346 598 1563 657 ἃστρατὸς
1595 598 1701 650 ἅπας

246 673 305 726 τῷ
322 669 542 710 Ἰουλιανοῦ
567 666 737 721 σώματι.
805 671 872 712 καὶ
899 673 1018 710 τοῦτο
1040 670 1113 723 μὲν
1143 671 1198 719 εἷς
1217 670 1405 711 Κιλικίαν
1427 668 1642 722 ἀπενεχθὲν
1659 667 1700 710 ἕν

246 754 322 778 τινι
343 741 512 793 Ταρσοῦ
532 739 755 794 προαστείῳ
774 741 966 793 βασιλικῇ
986 741 1099 795 ταφῇ
1121 739 1382 794 παρεδίδοτο,
1416 738 1484 779 καὶ
1505 738 1700 793 ἐπίγραμ-

245 822 306 859 μα
329 803 630 861 προσεγράφετο
652 809 710 861 τῷ
731 803 850 862 τάφῳ
873 803 1038 847 τοιόνδε.
1713 804 1758 840 10

376 872 593 922 Ἰουλιανὸς
613 872 716 926 μετὰ
738 874 879 928 Τίγριν
902 871 1102 929 ἀγάρροον
1122 871 1267 915 ἐνθάδε
1287 878 1433 924 κεῖται,

383 938 615 997 ἀμφότερον
631 940 822 994 βασιλεύς
840 941 882 983 τ’
911 941 1068 996 ἀγαθὸς
1090 939 1282 998 κρατερός
1304 941 1346 983 τ’
1371 938 1582 995 αἰχμητής.

250 1007 372 1062 (35)
409 1007 595 1062 ἐχόμενος
626 1010 670 1051 δὲ
702 1014 774 1063 τῆς
803 1013 883 1052 τῶν
918 1008 1021 1051 ὅλων
1057 1010 1184 1066 ἀρχῆς
1205 1009 1399 1062 Ἰοβιανὸς
1429 1008 1531 1050 ἄλλα
1552 1026 1593 1051 τε
1619 1010 1700 1051 διε-

249 1078 377 1127 τίθει,
421 1079 488 1118 καὶ
525 1083 608 1127 τοῖς
644 1078 684 1119 ἓν
717 1078 896 1136 Παιονιά
929 1075 1569 1134 στρατοπέδοις,Λουκιλλιανόν,
1603 1076 1701 1119 ὄντα

251 1145 444 1199 κηδεστὴν
480 1145 611 1202 αὐτῷ,
668 1147 735 1188 καὶ
765 1143 999 1202 Προκόπιον
1033 1148 1100 1188 καὶ
1133 1143 1482 1196 Οὗαλεντινιανόν,
1527 1143 1571 1195 ὃς
1597 1145 1699 1199 μετὰ
1713 1149 1755 1185 15

251 1217 379 1255 ταῦτα
404 1214 535 1268 γε’γονε
566 1212 776 1267 βασιλεύς,
810 1215 1054 1264 ἐξαπέστειλε
1067 1247 1081 1266 ,
1111 1213 1184 1269 τήν
1214 1231 1255 1256 τε
1271 1209 1493 1256 Ἰουλιανοῦ
1517 1213 1700 1268 τελευτὴν

251 1281 593 1336 ἀπαγγελοῦντας,
630 1284 697 1324 καὶ
728 1281 788 1323 ὅτι
813 1299 885 1338 περ
919 1282 977 1337 εἴη
1000 1283 1092 1336 μετ’
1120 1282 1242 1325 αὐτὸν
1267 1280 1527 1338 αὐτοκράτωρ
1550 1286 1698 1338 προβε-

812 1354 831 1363 u

250 1350 459 1403 βλημένος.
527 1349 621 1390 ἀλλ’
651 1351 689 1391 οἳ
714 1351 755 1391 ἓν
773 1367 829 1392 τω
854 1351 1010 1407 Σιρμίω
1029 1349 1231 1434 ²Borcoifi’ot,
1265 1349 1366 1406 πρὸς
1391 1349 1576 1406 φυλακὴν
1596 1349 1700 1391 ἀπο-

252 1418 497 1470 λελειμμένοι
520 1421 593 1471 τῆς
618 1416 788 1469 πόλεως,
825 1417 911 1471 ἅμα
942 1423 993 1474 τῇ
1019 1418 1121 1475 ἀκοῇ
1147 1418 1216 1460 τὸν
1230 1436 1303 1472 μεν
1325 1417 1624 1459 Λουκιλλιανόν
1646 1415 1701 1467 ὥς

245 1484 489 1540 τηλικούτων
515 1490 648 1529 κακῶν
681 1485 845 1542 ἄγγελον
874 1484 1159 1544 διεχρήσαντο,
1193 1487 1236 1528 ἐν
1264 1486 1394 1530 οὖδενὶ
1425 1484 1471 1528 τὸ
1499 1485 1600 1542 πρὸς
1629 1485 1698 1528 τὸν
1709 1489 1757 1524 20

336 1639 380 1671 10
400 1637 657 1683 Inscriptionem
683 1638 770 1671 hanc
801 1639 1044 1684 sepulchralem
1077 1639 1171 1672 varie
1192 1638 1362 1673 exhibent.
1386 1650 1394 1660 ·
1423 1648 1542 1672 versus
1567 1638 1699 1672 ultimus

333 1683 475 1717 Homeri
495 1689 559 1724 est,
583 1684 622 1719 Il.
638 1686 752 1727 21279.
808 1685 961 1720 Zonaras
980 1686 1022 1719 13
1041 1686 1103 1719 13:
1133 1682 1266 1729 Κύδνῳ
1296 1681 1355 1718 ἐπ’
1387 1680 1604 1739 ἄργυρόεντι
1634 1681 1699 1718 ἀπ’

335 1726 543 1784 Εὐφρατοιο
565 1728 690 1770 ῥοάων
713 1727 895 1773 Πέρσιδος
916 1728 953 1763 ἐκ
978 1731 1083 1773 γαίης
1110 1718 1336 1786 ἀτελευτήτῳ
1361 1729 1420 1763 ἐπὶ
1440 1727 1529 1783 ἔργω
1547 1728 1700 1786 κινήσας

336 1772 511 1828 στρατιὴν
538 1772 626 1809 τόδε
651 1772 851 1815 Ἰουλιανὸς
871 1774 954 1819 λάχε
978 1776 1087 1819 σῆμα,
1112 1773 1341 1819 ἀμφότερον,
1365 1764 1534 1820 βασιλευς
1554 1772 1590 1808 τ’
1602 1773 1697 1829 ἄγα-

334 1817 409 1857 θὸς
426 1817 603 1865 κρατερός
624 1817 661 1854 τ’
684 1819 869 1868 αἰχμητής.
914 1820 1031 1854 iisdem
1048 1822 1160 1856 verbis
1176 1821 1352 1856 Cedrenus
1373 1822 1419 1856 R.
1519 1822 1561 1857 11
1587 1817 1698 1865 ἀγόρ-

336 1875 426 1907 ροον
446 1865 516 1900 LP.
654 1867 697 1903 15
724 1865 999 1903 Οὑαλενι-ιανὸν
1021 1867 1062 1903 Ρ.

247 2010 403 2033 acervum
426 2010 529 2045 super
554 2012 626 2034 eum
648 2001 847 2038 excitarent.
906 2004 1033 2037 tantam
1057 2002 1156 2036 unius
1183 2001 1246 2037 viri
1268 2012 1358 2038 mors
1383 2001 1526 2048 publicis
1550 2002 1582 2036 in
1598 2003 1700 2038 rebus

248 2045 464 2079 mutationem
480 2046 618 2079 efficere
633 2048 752 2091 potuit.

342 2092 500 2123 Ceterum
525 2091 664 2125 Ioviano
689 2093 845 2126 celeriter
871 2093 995 2138 oppida
1020 2095 1260 2138 percurrente,
1284 2091 1374 2136 quod
1398 2103 1440 2127 ea
1464 2092 1574 2127 luctus
1597 2096 1700 2138 atque

248 2147 382 2170 maeror
410 2141 653 2181 occupassent,
684 2149 746 2171 nec
773 2138 851 2171 laeti
878 2138 1058 2173 iucundive
1085 2139 1259 2191 quicquam
1285 2137 1444 2170 exhibere
1473 2150 1534 2182 pro
1559 2139 1700 2174 istorum

249 2193 342 2215 more
357 2181 553 2226 populorum
571 2187 729 2226 possent,
753 2189 920 2228 quotquot
944 2190 1041 2218 erant
1063 2184 1219 2219 satellitio
1237 2183 1450 2227 imperatoris
1465 2184 1620 2228 deputati
1636 2185 1700 2217 mi-

250 2227 350 2269 lites,
372 2227 581 2262 Antiochiam
608 2240 682 2262 cum
703 2229 905 2281 imperatore
932 2230 1074 2274 profecti
1102 2234 1196 2271 sunt,
1221 2228 1375 2262 universo
1403 2230 1554 2263 exercitu
1579 2229 1698 2264 iuliani

249 2273 397 2306 cadaver
413 2273 611 2315 comitante3
635 2274 726 2317 quod
748 2275 782 2307 in
799 2275 949 2308 Ciliciam
974 2276 1186 2320 deportatum
1203 2274 1346 2318 quodam
1371 2274 1405 2306 in
1420 2275 1580 2308 suburbio
1597 2274 1700 2311 Tarsi

247 2318 363 2361 regiae
387 2319 582 2364 sepulturae
607 2319 798 2354 mandatum
821 2320 906 2363 fuit,
930 2321 973 2355 ad
995 2321 1154 2355 tumulum
1177 2319 1363 2355 huiusmodi
1385 2321 1625 2367 epigrammate
1637 2319 1699 2355 ad-

246 2364 311 2398 seri
338 2368 396 2397 to.

313 2375 335 2410 P
520 2408 663 2453 Tigride
678 2409 822 2443 Iulianus
836 2410 925 2444 iacet
943 2411 997 2444 hic
1012 2415 1090 2456 post
1106 2412 1177 2444 sata
1191 2410 1333 2455 relicto,

521 2466 583 2488 rex
597 2454 725 2499 pariter
741 2456 849 2489 bonus
867 2462 901 2490 et
919 2457 1064 2491 bellator
1078 2457 1258 2491 acerrimus
1273 2438 1369 2490 idem.

245 2500 342 2542 (35)
388 2499 546 2535 Iovianus
570 2512 695 2535 summo
718 2500 865 2534 intentus
896 2501 1034 2545 imperio
1077 2514 1150 2536 cum
1185 2501 1251 2534 alia
1284 2501 1506 2546 disponebat,
1547 2503 1619 2534 tum
1655 2500 1697 2533 ad

246 2545 416 2580 exercitus
441 2546 475 2578 in
498 2546 673 2580 Pannonia
695 2546 914 2581 Lucillianum
938 2558 1090 2581 socerum
1113 2558 1211 2581 suum
1229 2551 1265 2580 et
1283 2548 1479 2592 Procopium
1495 2549 1530 2579 et
1546 2546 1698 2579 Valenti-

246 2590 391 2634 nianum,
415 2591 472 2636 qui
496 2592 677 2626 secundum
702 2592 785 2626 haec
810 2593 922 2625 factus
948 2598 1000 2626 est
1025 2593 1228 2645 imperator,
1252 2592 1443 2636 ablegavit,
1467 2596 1506 2624 ut
1524 2594 1559 2624 et
1582 2590 1700 2624 Iuliani

247 2640 387 2669 mortem
415 2637 463 2670 eis
489 2637 681 2671 nuntiarent
707 2642 744 2671 et
768 2649 806 2672 se
829 2642 908 2682 post
930 2637 1020 2671 illum
1037 2638 1217 2682 principem
1233 2638 1356 2671 lectum
1373 2641 1591 2682 exponerent.
1637 2635 1699 2670 sed

247 2681 336 2723 apud
356 2681 511 2716 Sirmium
531 2683 664 2724 Batavi,
685 2682 743 2727 qui
762 2683 804 2716 ad
821 2682 934 2728 oppidi
950 2684 1150 2728 praesidium
1171 2683 1281 2716 relicti
1297 2683 1443 2723 fuerant,
1469 2693 1541 2715 cum
1559 2681 1699 2726 primum

249 2725 332 2759 haec
357 2727 585 2772 audivissent,
607 2728 827 2763 Lucillianum
848 2728 955 2763 veluti
980 2733 1149 2763 tantorum
1170 2729 1327 2763 malorum
1350 2728 1498 2763 nuntium
1513 2727 1698 2761 interfece-
