1734 3002
185 95 297 126 xvm
637 81 830 124 ΗΕῩΝΠ
862 81 1172 124 PRAEFATIO
1236 93 1242 98 ·

187 218 250 242 res
275 202 436 241 inutiles
464 208 504 240 et
531 202 769 254 perniciosas
797 201 1040 254 sumptibus,
1069 201 1228 240 nonnisi
1251 214 1343 242 cum
1364 199 1629 241 multitudinis

188 273 345 314 iniuriis
374 272 569 322 corrugari
594 272 786 321 pecuniae
812 276 991 321 possunt.
1046 276 1091 307 ut
1121 271 1318 309 exercitus
1345 271 1420 319 ali,
1455 275 1502 307 ut
1515 269 1630 307 aulae

187 340 313 376 fastus
343 345 382 376 et
408 339 528 377 luxus
549 338 735 388 gliscere,
763 344 807 375 ut
826 338 996 389 populus
1015 343 1083 377 aut
1103 339 1312 388 optimates
1326 337 1523 388 con-umpi
1535 349 1631 388 pos—

186 408 287 455 sint,
320 419 423 444 nova
440 405 694 456 vectigalium
710 418 874 456 genera,
903 405 999 442 novi
1022 406 1248 456 rapinarum
1266 405 1373 443 tituli
1395 410 1494 443 sunt<
1507 416 1631 441 exco—

187 471 353 524 gitandi.
409 474 559 510 interea
587 486 640 510 ex
667 473 829 524 publica¹
852 473 1074 509 calamitate
1095 478 1274 510 crescunt
1295 473 1444 524 passim
1461 471 1578 509 multi
1593 477 1634 508 et

190 540 387 588 ditantur,
416 541 524 592 iique
555 539 833 578 dominationis
858 540 1031 578 fautores
1061 547 1101 577 et
1127 541 1406 588 instrumenta3
1427 551 1532 578 mox
1559 550 1635 576 ex-

187 606 339 646 haustis
357 620 429 658 per
447 621 565 646 omne
585 610 842 646 vexationum
869 620 994 658 genus
1023 608 1245 659 pauperum
1274 608 1634 646 scriniis-*exactio-

189 688 260 713 nes
286 682 512 725 grassantur
536 689 608 727 per
634 683 783 714 ceteros
811 674 992 724 ordines,
1025 675 1253 726 expilantur
1282 673 1451 712 divitum
1475 686 1634 727 quoque

188 755 327 789 arcae3
365 743 538 780 saevitur
566 756 639 794 per
672 742 866 782 delatores
897 745 1098 781 exactores
1126 738 1340 792 satellites,
1374 741 1535 780 tandem
1562 754 1636 793 per

187 816 352 847 tortores
383 816 422 846 et
453 810 665 848 carnifices.
722 812 778 848 ita
809 823 863 848 ex
892 809 959 848 his
983 816 1199 861 regnorum
1225 810 1389 861 opibus,
1418 821 1517 862 quas
1536 809 1634 846 alias

38 897 74 930 p.
99 883 166 918 624
187 890 294 914 nunc
317 877 529 924 miramur,
558 878 656 915 alias
685 891 892 915 concussas
921 878 1196 916 etlabefactas
1217 876 1422 926 videmus,
1452 872 1636 914 domina-

188 945 341 982 tionum
359 954 431 994 per
446 944 649 994 Europam
667 945 907 983 incrementa
918 951 968 982 ¹et
987 957 1040 982 ex
1058 944 1121 983 his
1137 957 1350 997 regnorum
1371 943 1635 990 decrementa,

189 1025 287 1049 mox
320 1010 477 1048 excidia
510 1011 732 1049 necessario
762 1012 895 1064 'aliquo
914 1025 1048 1050 rerum
1069 1011 1206 1051 ordine
1226 1020 1320 1065 apta
1343 1019 1383 1050 et
1403 1023 1510 1050 nexa
1530 1007 1637 1049 sunt.

190 1079 290 1116 adeo
309 1092 331 1115 a
349 1091 470 1130 parva
487 1084 527 1115 et
545 1080 691 1129 exigua
711 1092 850 1128 causa,
879 1078 989 1132 quod
1005 1081 1161 1130 publice
1175 1081 1438 1132 privatimque
1454 1080 1546 1130 plus
1561 1090 1638 1115 ex-

190 1145 376 1198 penditur
407 1158 529 1197 quam
559 1145 770 1197 redigitur,
801 1149 928 1185 omnis
955 1145 1056 1184 haec
1079 1146 1185 1184 vitae
1207 1147 1411 1185 calamitas
1427 1141 1638 1198 rerumque

190 1212 321 1250 clades
350 1212 620 1264 proficiscitur.
677 1212 786 1265 quod
815 1226 909 1251 vero
940 1213 1066 1249 multo
1097 1211 1256 1262 gravius
1288 1218 1328 1249 et
1353 1208 1640 1253 intolerabilius

191 1288 273 1328 est,
303 1279 483 1317 videntes
505 1280 671 1331 meliora
691 1280 1042 1331 intelligentesque
1071 1290 1117 1315 ea
1151 1284 1287 1316 tamen
1307 1286 1437 1317 rerum
1463 1282 1641 1318 necessi-

191 1354 271 1384 tate
291 1346 448 1397 publice
463 1347 727 1398 privatimque
745 1347 918 1399 undique
939 1347 1092 1398 obsepti
1107 1352 1310 1395 tenemur,
1338 1353 1384 1385 ut
1398 1344 1503 1384 nihil
1517 1353 1578 1385 ex
1589 1348 1643 1385 iis

191 1426 295 1466 quae
315 1411 368 1449 ad
385 1413 588 1451 interitum
609 1416 766 1465 rapiunt
783 1415 953 1453 aut-sisti
970 1420 1040 1451 aut
1055 1414 1204 1451 remitti·
1217 1415 1356 1466 possit.
1412 1416 1520 1452 evoe!
1542 1427 1640 1465 pes-

190 1498 282 1521 sum
297 1482 459 1520 ibimus!
488 1488 533 1518 ut
553 1480 659 1532 apud
678 1482 915 1532 Satyrarum,
933 1482 1163 1532 scriptorem
1183 1480 1366 1520 habetur.
1400 1494 1403 1498 ’
1421 1478 1522 1520 adeo
1537 1487 1640 1520 vana

194 1565 256 1589 res
279 1558 340 1588 est
359 1549 568 1588 hominum
588 1549 781 1599 sapientia
793 1577 803 1597 ,
833 1547 943 1600 quod
962 1562 1140 1586 errormn
1158 1547 1322 1600 quidem
1336 1549 1468 1587 fontes
1485 1551 1527 1587 e't
1544 1558 1646 1587 cau-'

193 1632 258 1657 sas
283 1632 330 1655 ea
353 1620 501 1668 aperit,
530 1615 704 1653 remedia
733 1628 891 1667 quoque
915 1616 1145 1653 morborum
1168 1623 1382 1665 monstrat,
1410 1624 1487 1654 neo
1506 1609 1640 1654 tamen

194 1691 324 1737 potest
344 1684 499 1720 efficere
519 1689 564 1719 ut
585 1680 760 1719 remedia
781 1681 1083 1720 recteadhiberi
1099 1695 1225 1735 eaque
1243 1696 1347 1736 quae
1363 1684 1525 1722 illorum
1536 1685 1642 1722 vires

195 1754 415 1802 infringunt
457 1750 650 1787 removeri
690 1751 856 1800 possint.
920 1749 974 1787 ad
1004 1749 1268 1800 argutandum
1291 1743 1339 1789 et*
1364 1750 1642 1790 declamatorie

195 1818 396 1870 agendum
428 1817 577 1853 affatim
604 1818 794 1854 materiae
823 1823 903 1866 est,
927 1815 986 1855 ad
1015 1816 1284 1855 emendandas
1311 1820 1419 1856 etin
1435 1820 1643 1857 meliorem

196 1889 329 1925 locum
348 1883 596 1922 collocandas
615 1897 677 1921 res
696 1897 838 1935 pamm
853 1891 920 1922 aut
935 1883 1052 1923 nihil.
1109 1887 1285 1923 omnium
1302 1884 1445 1923 harum
1463 1887 1643 1924 fortunae

196 1952 513 1993 vicissitudinum
528 1951 698 1988 salutare
714 1953 961 2002 propositum
979 1959 1039 1990 est
1053 1953 1285 2003 exemplum
1300 1953 1344 1989 in
1361 1953 1644 2004 imperatorum

195 2023 466 2059 Romanonnn
488 2020 604 2056 rebus
617 2047 628 2067 ,
657 2031 729 2069 per
761 2031 807 2056 ea
834 2021 1012 2056 maxime
1034 2026 1212 2070 tempora
1233 2019 1375 2071 quibus
1396 2031 1508 2058 sacra
1526 2019 1646 2058 Chri-

198 2089 326 2125 stiana
350 2087 506 2137 publice
527 2091 683 2136 recepta
702 2085 835 2134 fuere3
865 2098 1034 2137 quorum
1054 2087 1087 2123 si
1105 2085 1157 2123 ad
1174 2085 1417 2137 privatorum
1430 2086 1645 2126 hominum

199 2156 352 2193 animos
377 2151 646 2191 emendandos
675 2158 714 2190 et
743 2154 787 2190 in
817 2153 934 2190 rebus
954 2151 1128 2192 adversis
1149 2150 1415 2205 erigendoset
1430 2154 1651 2193 finnandos·

198 2221 358 2260 credere
387 2222 482 2259 licet
507 2222 591 2258 vim
618 2220 742 2258 fuisse
768 2222 887 2271 longe
913 2223 1154 2270 maximam,
1182 2222 1340 2273 publice
1358 2228 1495 2260 tamen
1513 2223 1652 2261 faten-

202 2289 299 2328 dum
329 2296 388 2327 est
414 2302 462 2326 ea
489 2287 541 2326 ad
566 2301 650 2325 rem
680 2287 881 2339 publicam
905 2289 1049 2326 melius
1082 2288 1396 2327 constituendam
1417 2302 1560 2342 parum
1577 2297 1647 2328 aut

200 2356 304 2395 nihil
322 2357 540 2408 profuisse,
570 2362 705 2393 contra
723 2356 801 2392 alia
819 2355 925 2392 mala
942 2356 1124 2394 intulisse
1139 2370 1215 2394 nec
1231 2352 1385 2395 minora
1404 2371 1451 2396 ac
1470 2359 1644 2396 leviora:

203 2423 302 2462 adeo
320 2410 735 2462 moribus-»continetur
750 2425 866 2460 unice
885 2424 990 2461 salus
1011 2424 1070 2461 rei
1087 2424 1269 2475 publicae
1287 2430 1327 2462 et
1341 2425 1608 2464 incolumitas.

313 2494 421 2530 Inter
446 2489 546 2528 haec
574 2497 709 2528 tamen
737 2497 828 2528 sunt
860 2491 1052 2528 nonnulla
1079 2493 1240 2544 quaenin
1255 2492 1416 2530 Zosimo
1437 2490 1646 2543 displicere

203 2567 380 2608 possunt.
437 2565 643 2597 occurrunt
670 2559 777 2595 enim
802 2559 951 2610 passim
981 2560 1115 2611 aliqua
1141 2572 1165 2596 a
1193 2559 1388 2597 bonorum
1412 2558 1646 2608 scriptorum

203 2638 279 2662 usu
299 2627 442 2664 aliena.
499 2633 590 2665 sunt
609 2632 743 2663 tamen
761 2626 831 2663 illa
850 2639 996 2678 pauca,
1027 2635 1152 2679 eaque
1172 2627 1290 2664 facile
1309 2627 1358 2664 ab
1377 2638 1424 2663 eo
1446 2626 1558 2662 cuius
1580 2625 1647 2661 in·-

202 2698 322 2730 terest
349 2693 616 2744 observanda,
645 2694 684 2731 ei
714 2700 846 2732 autem
865 2695 934 2747 qui
958 2696 1000 2731 in
1020 2694 1274 2732 elementaria
1295 2693 1487 2732 sermonis
1506 2692 1645 2730 Graeci
