1774 3002
274 90 339 141 76
899 94 1095 139 ZOSIMI

267 225 361 251 τιον
386 210 517 259 κακῶς
554 204 774 264 διαθήσειν.
854 208 990 264 -(11)
1035 207 1138 250 ἀλλὰ
1171 203 1321 251 τούτων
1349 206 1473 251 ὅντων
1509 206 1550 249 ἐν
1588 206 1712 263 ἐγχει-

271 275 430 331 ρήσεσιν
453 275 522 328 ἔτι,
556 275 818 331 Μαξιμιανός
844 274 865 318 ὃ
896 279 936 317 Γ
933 277 1112 334 αλλέριος
1143 276 1185 318 ἐκ
1217 274 1498 332 προλαβοῦσης
1519 273 1714 330 ἑταιρείας

269 343 487 399 ἐπιτήδειον
511 342 607 387 ὄντα
629 345 738 402 αὐτῷ
757 345 965 387 Λικίννιον
982 346 1151 399 βασιλέα
1171 345 1422 399 καθίστησιν,
1455 345 1711 399 ἐπιστρατεῦ-

50 406 248 487 οοῐῑΒῑὸῧέἱ·
267 429 334 455 σαι
355 417 494 455 τοῦτον
518 414 733 470 Μαξεντίῳ
754 412 1047 467 διανοούμενος.
1115 414 1193 455 ἐπεὶ
1221 413 1263 454 δὲ
1288 416 1416 454 ταῦτα
1437 411 1711 467 βουλευομένῳ

48 457 247 532 ῃ“ἰῑ,ῗξ,,ς,’“
263 486 422 536 τραῦμα
446 482 633 523 δυσίατον
654 483 858 535 ἐνσκῆψαν
879 482 989 538 αὐτῷ
1005 486 1078 523 τοῦ
1097 483 1188 535 βιόυ
1209 477 1457 535 μετέστησεν,
1491 480 1615 533 εἶ’χετο
1639 479 1743 532 μὲνό

96 555 127 578 a.
150 545 217 579 311
265 551 330 590 καὶ
350 550 558 599 Λικίννιος
573 554 644 603 τῆς
658 551 876 602 βασιλείας,
891 547 1120 606 (Ερκούλιος
1142 549 1185 590 δὲ
1205 547 1466 602 ΖΠαξιμιανὸς
1484 548 1710 600 ἀναλαβεῖν,

265 615 319 666 ὥς
349 617 505 674 εἴρηταί
523 634 592 670 μοι
602 649 615 668 ,
650 617 722 672 τὴν
752 619 960 670 βασιλείαν
981 616 1230 673 ἐπιχειρήσας
1262 617 1526 673 ἀλλοτριῶσαι
1551 616 1624 668 μὲν
1642 619 1713 669 τῆς

94 699 126 723 a.
152 690 220 725 307
265 685 364 741 πρὸς
384 686 613 735 Μαξέντιον
633 685 787 735 εὐνοίας
813 686 907 736 τοὺς
936 684 1183 742 στρατιώτας
1201 683 1434 735 ἐσπούδασε,
1469 687 1541 726 τοῦ
1565 684 1607 725 δὲ
1631 685 1709 724 δω-

269 759 377 808 ρεαῖς
408 755 473 794 καὶ
501 754 683 803 ἐλεειναῖς
708 753 870 803 ἱκεσίαις
902 754 1048 804 αὐτοὺς
1073 753 1394 806 ἐπισπασαμένου
1423 753 1489 794 καὶ
1520 756 1591 805 τῆς
1609 750 1712 792 κατὰ

268 822 572 863 Κωνσταντίνου
601 821 667 863 διὰ
689 826 768 862 τῶν
789 822 862 863 σὺν
880 822 988 878 αὐτῷ
1011 826 1264 878 στρατιωτῶν
1285 821 1498 874 ἐπιβουλῆς
1516 820 1710 875 ἐπειρᾶτο.
1724 825 1767 859 10

266 887 654 945 προκαταλαβούσης
677 890 720 931 δὲ
745 888 935 944 Φαύστης
952 889 997 931 τὸ
1021 887 1315 946 ἐγχειρούμενον
1335 891 1401 930 καὶ
1419 892 1477 945 τῷ
1493 889 1711 929 Κωνσταν-

266 958 360 1014 τίνῳ
393 961 509 999 τοῦτο
538 955 796 1012 μηνυσάσης,
827 956 1098 1014 ἀπορούμενος
1123 958 1191 999 ἱἐπὶ
1218 962 1276 1014 τῷ
1303 955 1464 999 πάντων
1492 957 1665 998 ἐκπεσεῖν
1690 952 1712 996 ὅ

96 1031 127 1055 ⁰·
155 1023 224 1057 310
261 1022 492 1081 εΕρκούλιος
512 1023 617 1082 νόσῳ
636 1026 738 1067 κατὰ
760 1026 831 1080 τὴν
855 1026 1018 1081 Ταρσὸν
1042 1024 1277 1080 ἐτελεύτησε.

405 1093 477 1137 12.
548 1092 710 1147 Ταύτην
741 1095 783 1135 δὲ
816 1093 1021 1151 διαφυγὼν
1060 1092 1080 1135 ὃ
1113 1094 1341 1143 Μαξέντιος
1384 1092 1456 1146 τὴν
1483 1088 1711 1145 ἐπιβουλήν,

94 1173 125 1197 a.
154 1164 223 1198 307
268 1159 368 1214 ἔχειν
392 1178 432 1203 τε
459 1160 537 1215 ἤδη
564 1163 738 1215 βεβαίως
766 1160 944 1215 οῗόμενος
969 1161 1040 1216 τὴν
1067 1160 1207 1218 ἀρχήν,
1229 1162 1270 1203 ἐν
1290 1159 1434 1216 Λιβύῃ
1455 1161 1520 1201 καὶ
1543 1161 1709 1215 Καρχη-
1723 1163 1764 1199 15

265 1227 348 1270 δόνι
375 1229 469 1279 τοὺς
491 1229 563 1283 τὴν
593 1228 723 1271 εῗκόνα
753 1229 824 1284 τὴν
844 1230 969 1271 αὐτοῦ
988 1231 1260 1286 περιοίσοντας
1282 1228 1462 1281 ἔπεμπεν.
1531 1225 1626 1282 ὅπερ
1645 1243 1710 1282 γε-

262 1297 404 1338 νέσθαι
427 1295 674 1346 κωλύσαντες
701 1297 738 1338 οἱ
758 1296 903 1339 αὐτόθι
924 1302 1164 1352 στρατιῶται
1185 1301 1235 1352 τῇ
1259 1298 1347 1352 περὶ
1369 1297 1408 1336 Γ
1406 1296 1586 1351 αλλὲριον
1604 1297 1709 1337 Μα-

263 1363 442 1417 ξιμιανὸν
460 1364 593 1423 εὐνοία
618 1366 683 1406 καὶ
703 1363 861 1420 μνήμῃ,
897 1365 1029 1419 ἐπειδὴ
1054 1365 1283 1415 ΒῙαξέντιον
1300 1362 1616 1419 ἐπιστρατεύσειν
1635 1362 1709 1405 αὖ-

260 1438 345 1481 τοΐς
367 1432 541 1486 ἔγνωσαν
561 1431 708 1486 ταύτης
727 1433 836 1474 ἕνεκα
858 1438 928 1487 τῆς
954 1431 1229 1483 ἀντιστάσεως,
1257 1435 1312 1482 εἰς
1333 1432 1404 1486 τὴν
1413 1429 1710 1487 Ἀλεξάνδρειαν

261 1499 531 1555 ἀνεχώρησαν.
614 1501 766 1550 ἱκαναῖς
794 1501 836 1542 δὲ
867 1499 1056 1553 δυνάμεσι
1088 1499 1379 1556 περιπεσόντες,
1415 1496 1480 1549 αἷς
1515 1500 1765 1552 ἀντίσχεινΞθ

263 1567 337 1620 οὐχ
371 1565 450 1609 οἷοί
478 1585 519 1610 τε
554 1563 669 1623 ἦσαν,
705 1569 766 1610 ἐπὶ
793 1568 865 1623 τὴν
890 1567 1136 1624 Καρχηδόνα
1168 1567 1286 1611 πάλιν
1307 1568 1568 1610 ἀπέπλευσαν.
1636 1565 1705 1623 ἐφ’

263 1633 323 1685 οἷς
342 1634 556 1690 κινηθεὶςὸ
583 1636 811 1686 Μαξὲντιος
831 1635 1013 1694 ὥρμησεν
1038 1638 1099 1678 ἐπὶ
1126 1637 1197 1691 τὴν
1219 1635 1385 1690 Λιβύην
1408 1636 1616 1678 ἐκπλεῦσαι
1642 1635 1708 1676 καὶ

262 1707 342 1745 τῶν
371 1708 497 1745 ταῦτα
521 1703 804 1759 τολμησάντων
835 1703 1104 1761 ἁμαρτήματα
1131 1709 1349 1758 μετελθεῖν.
1387 1758 1390 1762 ἡ
1427 1707 1506 1745 τῶν
1533 1703 1576 1745 δὲ
1604 1701 1709 1756 μάν-

352 1799 376 1833 2
398 1795 559 1842 ἑταιρίας
577 1800 618 1833 Ρ.
755 1800 800 1835 23
820 1795 1077 1844 ἁμαρτήματα]
1096 1810 1138 1833 an
1154 1797 1200 1834 to?
1221 1796 1493 1843 ἁμαρτήματαῖ

262 1874 341 1909 lium
357 1874 565 1910 Maxentium
590 1876 624 1910 in
647 1883 759 1910 mutua
782 1877 1025 1912 concitaturum
1042 1877 1129 1912 odia.
1178 1878 1275 1922 (11)
1299 1877 1376 1911 dum
1391 1877 1474 1910 haec
1486 1876 1543 1910 ille
1561 1875 1708 1916 molitur,

263 1920 483 1954 Maximianus
501 1922 670 1955 Gallerius
695 1935 737 1956 ex
758 1923 922 1956 societate
946 1923 1151 1968 superiorum
1167 1929 1353 1967 temporum
1368 1922 1558 1955 familiarem
1572 1921 1635 1954 sibi
1650 1921 1708 1954 Li-

263 1965 381 1999 cinium
397 1966 628 2010 imperatorem
645 1974 737 2000 creat
749 1995 758 2011 ‚
782 1968 870 2011 quod
888 1968 982 2001 huius
998 1980 1101 2013 opera
1116 1969 1204 2002 bello
1220 1968 1424 2001 Maxentium
1443 1966 1599 2010 persequi
1615 1966 1708 2009 cogi—

262 2015 362 2043 taret.
410 2016 627 2056 posteaquam
651 2013 823 2046 Gallerius
846 2013 929 2046 haec
952 2013 1083 2057 agitans
1105 2013 1241 2047 consilia
1260 2025 1301 2046 ex
1315 2011 1488 2046 incurabili
1503 2012 1642 2045 vulnere
1657 2011 1708 2045 vi-

261 2060 329 2088 tam
346 2066 419 2088 cum
437 2062 542 2090 morte
558 2062 801 2098 commutasset,
821 2057 992 2102 imperinm
1013 2058 1159 2092 Licinius
1183 2069 1317 2102 quoque
1333 2057 1394 2090 sibi
1411 2056 1613 2092 vindicabat.
1659 2056 1709 2090 ei-

261 2101 335 2133 dem
350 2102 591 2145 recuperando,
617 2114 677 2134 ceu
695 2102 836 2136 diximus
847 2127 857 2142 ‚
880 2103 1028 2136 intentus
1044 2103 1263 2137 Maximianus
1279 2102 1476 2145 Herculius,
1500 2107 1538 2136 ut
1551 2102 1670 2136 milites
1687 2112 1708 2134 a

260 2145 496 2179 benevolentia
518 2153 553 2180 et
578 2147 694 2180 studiis
710 2159 791 2190 erga
807 2148 1014 2181 Maxentium
1027 2149 1200 2191 alienaret,
1224 2159 1358 2193 operam
1378 2147 1490 2181 dabat.
1539 2153 1575 2181 at
1589 2158 1663 2181 cum
1677 2147 1706 2180 is

257 2190 488 2234 largitionibus
504 2197 539 2224 et
554 2192 682 2225 miseris
697 2192 992 2237 supplicationibus
1008 2205 1085 2227 suas
1101 2194 1132 2227 in
1149 2199 1262 2238 partes
1277 2205 1335 2226 eos
1349 2193 1581 2238 pertraxisset,
1604 2192 1704 2226 etiam

259 2236 479 2270 Constantino
508 2242 638 2271 struere
663 2237 831 2271 nitebatur
851 2238 987 2272 insidias
1015 2251 1128 2272 eorum
1153 2250 1256 2284 opera
1282 2239 1419 2272 militum
1433 2249 1518 2283 quos
1532 2238 1587 2271 ille
1601 2248 1704 2283 penes

256 2293 295 2316 se
309 2282 466 2315 habebat.
512 2293 627 2316 verum
652 2284 740 2327 quod
765 2283 892 2316 Fausta
916 2290 1069 2317 conatum
1093 2284 1178 2318 illins
1200 2285 1440 2318 antevertisset
1454 2295 1495 2316 ac
1513 2295 1583 2317 rem
1597 2287 1704 2316 totam

258 2327 480 2360 Constantino
494 2327 692 2370 indicasset,
715 2329 748 2362 in
771 2328 1038 2372 desperationem
1061 2341 1170 2364 rerum
1186 2329 1328 2363 omnium
1345 2330 1509 2363 adductus
1524 2328 1704 2363 Herculius

257 2373 346 2418 apud
361 2372 505 2406 Tarsum
521 2374 635 2406 morbo
651 2373 883 2417 exstinguitur.

351 2420 405 2454 12.
451 2419 643 2452 Maxentius
658 2418 782 2452 insidiis
798 2419 887 2453 hisce
901 2420 1077 2463 liberatus,
1104 2430 1207 2464 seque
1226 2419 1290 2453 iam
1317 2419 1563 2454 constabilitum
1577 2419 1705 2453 habere

257 2466 382 2509 putans
403 2463 596 2508 imperium,
619 2464 654 2497 in
681 2464 824 2497 Africam
849 2470 885 2498 et
916 2465 1150 2509 Carthaginem
1178 2465 1331 2499 mittebat
1353 2463 1412 2510 qui
1434 2464 1506 2498 eius
1527 2464 1703 2508 imaginem

257 2508 520 2542 circumferrent.
566 2509 656 2553 quod
673 2519 746 2542 cum
763 2509 839 2542 fieri
860 2511 1110 2555 prohibuissent
1130 2521 1243 2544 eorum
1258 2511 1406 2544 locorum
1421 2509 1538 2544 milites
1553 2510 1596 2543 ob
1610 2521 1701 2543 suam

259 2565 341 2598 erga
356 2554 539 2588 Gallerium
553 2554 789 2588 Maximianum
805 2556 1068 2589 benevolentiam
1087 2556 1225 2600 eiusque
1247 2556 1456 2597 memoriam,
1477 2554 1611 2599 cognito
1625 2554 1702 2588 Ma-

257 2599 404 2632 xentium
428 2600 499 2634 eius
522 2600 765 2634 adversationis
790 2611 890 2634 causa
913 2606 1142 2645 suscepturum
1175 2601 1436 2645 expeditionem,
1467 2599 1701 2634 Alexandriam

258 2644 455 2679 discessere.
500 2657 640 2690 cumque
653 2645 734 2679 satis
749 2656 886 2688 magnas
901 2646 935 2679 in
950 2647 1065 2691 copias
1088 2645 1299 2687 incidissent,
1324 2646 1444 2691 quibus
1459 2645 1621 2679 obsistere
1634 2656 1702 2679 non

259 2694 432 2733 poterant,
452 2691 592 2736 navigiis
608 2690 843 2735 Carthaginem
857 2691 987 2725 reversi
1001 2696 1089 2726 sunt.
1135 2692 1345 2736 quamobrem
1361 2694 1544 2725 commotus
1559 2690 1701 2724 Maxen-

259 2733 326 2768 tius
340 2734 373 2769 in
388 2735 535 2770 Africam
550 2736 711 2781 navigare
726 2736 897 2771 constituit
911 2741 947 2771 et
968 2742 1123 2772 auctores
1145 2738 1260 2772 horum
1276 2737 1461 2772 facinorum
1475 2735 1603 2782 punire.
1640 2735 1700 2770 sed
