1812 3016
217 107 318 153 ι306
843 94 1042 155 zosnm

219 223 274 271 εἷς
294 217 624 275 ὅπερὲβοῦλοντο
639 221 931 279 μεταφίροντες
950 222 1111 280 γνώμην
1118 257 1131 277 ‚
1165 227 1208 268 τί
1226 227 1292 269 δεῖ
1301 226 1462 284 λε’γοντα
1479 222 1667 284 μηκύνειν

218 291 280 330 ε’πὶ
299 290 417 331 πλέον
432 290 501 331 τὸν
518 289 654 345 λόγον,
691 292 780 333 δέον
799 291 850 333 τὰ
872 297 944 346 τῆς
962 294 1004 343 ἒξ
1027 295 1174 336 ἐκείνου
1191 299 1272 338 τῶν
1287 296 1534 352 πραγμάτων
1551 297 1666 340 ἄπω-

218 359 327 408 λειάς
359 358 468 400 αἴτια
496 359 681 400 διελθεῖν.
749 360 882 414 ἐπειδὴ
907 360 984 416 γὰρ
1013 360 1068 411 ὡς
1096 362 1228 416 ἔτυχε,
1263 365 1329 405 καὶ
1347 366 1436 421 περὶ
1452 365 1546 415 τοὺς
1565 366 1665 407 ἄνα-

216 428 347 476 ξιόυς,
382 426 433 468 τὰ
467 425 641 480 δημόσια
670 428 860 470 δαπανῶν
887 427 1078 471 πλειόνων
1104 429 1264 481 εἰκότως
1288 433 1412 474 ἐδεῖτο
1429 431 1666 489 χρημάτων,

217 496 283 536 καὶ
303 494 376 544 τὰς
393 498 474 537 τῶν
493 496 694 551 ἐπαρχιῶν
716 494 927 550 ἧγεμονιάς
944 497 1085 549 ὠνίους
1109 501 1318 555 προυτίθει
1337 507 1422 551 τοῖς
1441 506 1697 558 προσιοῦσι,5

219 561 316 619 δόξῃ
341 563 414 616 μὲν
438 562 464 617 ἢ
485 564 563 620 βίῳ
587 565 794 621 σπουδαίῳ
818 563 1071 607 παντάπασιν
1104 567 1151 608 οὗ
1186 568 1413 623 προσέχων,
1448 567 1667 624 ἐπιτήδειον

219 631 263 672 δὲ
294 632 438 687 κρίνων
467 631 536 673 τὸν
564 631 709 687 [ἀγρὸν
743 632 791 687 ἢ]
820 632 1010 690 ἀργύριον
1038 633 1292 690 προσάγοντα
1317 640 1464 679 πλεῖον.
1529 639 1596 679 καὶ
1616 631 1667 691 ἦν

217 701 316 740 ἰδεῖν
344 699 670 755 ἅργυραμοιβούς
701 703 766 742 καὶ
798 700 1072 754 ὄβολοστάτας
1093 705 1160 744 καὶ
1184 702 1332 754 ἄλλους
1353 705 1418 746 ἐπ’
1445 705 1596 762 ἀγορᾶς
1614 706 1667 747 τὰ

216 771 297 809 τῶν
328 766 651 821 ἐπιτηδευμάτων
683 767 928 825 αἲσχρότατα
960 769 1169 824 μετιόντας
1188 772 1496 829 ἐπιφερομένους
1516 773 1567 815 τὰ
1588 777 1668 815 τῶν

217 835 354 889 ἀρχῶν
386 834 573 888 σύμβολα
603 837 670 877 καὶ
703 844 787 886 τοῖς
814 839 976 880 πλείονα
1007 838 1141 892 ἔχουσι
1165 838 1359 896 χρήματα
1380 841 1454 891 τὰς
1475 841 1668 897 ἐπαρχίας
1680 847 1724 881 10

215 902 527 958 παραδιδόντας.
606 904 731 959 (29)
768 904 891 959 οὔσης
923 901 994 948 οὗν
1026 906 1105 961 ἤδη
1137 906 1326 963 τοιαύτης
1352 913 1425 963 τῆς
1458 909 1564 966 ἀμφὶ
1596 910 1670 964 τὴν

215 973 418 1013 πολιτείαν
439 972 501 1013 ἐπὶ
524 971 569 1014 τὸ
589 979 725 1028 χεῖρον
747 974 986 1028 ε’ναλλαγῆς,
1022 975 1067 1016 τὸ
1088 976 1162 1028 μὲν
1183 977 1468 1033 στρατιωτικὸν
1486 978 1528 1019 ἓν
1550 977 1670 1034 ὀλίγῳ

216 1041 413 1093 μεμείωτο
440 1038 575 1097 χρόνῳ
604 1042 671 1082 καὶ
699 1043 756 1091 εἷς
775 1041 820 1083 τὸ
843 1043 970 1096 μηδὲν
990 1045 1240 1099 περιίστατο,
1273 1044 1348 1094 τὰς
1369 1045 1413 1086 δὲ
1432 1043 1565 1095 πόλεις
1582 1047 1670 1087 ἔπι-

215 1109 387 1149 λελοίπει
417 1108 469 1149 τὰ
497 1107 690 1164 χρήματα
700 1141 713 1159 ,
757 1108 809 1151 τὰ
839 1111 913 1163 μὲν
945 1109 1023 1152 ὑπὸ
1052 1115 1133 1153 τῶν
1161 1112 1422 1155 ε’πιτεθέντων
1455 1115 1669 1170 εἰσφορῶν,

214 1174 538 1232 ὗπερβαινόντων
571 1177 615 1218 τὸ
647 1177 816 1233 μέτρον,
851 1178 902 1219 τὰ
927 1179 971 1220 δὲ
991 1181 1047 1228 εἷς
1065 1179 1139 1234 τὴν
1159 1185 1238 1222 τῶν
1261 1179 1465 1237 ἀρχόντων
1486 1182 1664 1223 ἓκενοῦτο
1681 1187 1723 1223 15

215 1246 461 1294 πλεονεξίαν·
497 1244 592 1294 τοὺς
610 1245 688 1301 γὰρ
706 1245 764 1299 μὴ
786 1245 1086 1302 θεραπευοντας
1103 1247 1177 1302 τὴν
1196 1248 1328 1293 αὖτῶν
1345 1249 1569 1303 ἀπληστίαν
1585 1255 1671 1299 τοῖς

216 1312 261 1353 ἐκ
295 1314 566 1368 συκοφαντίας
596 1311 804 1368 πράγμασι
834 1315 1115 1370 περιέβαλλον,
1148 1314 1273 1368 μόνον
1302 1317 1390 1370 οὐχὶ
1415 1322 1591 1371 βοῶντες
1616 1315 1671 1367 ὧς

215 1378 293 1422 ὅσα
313 1378 413 1437 ὑπὲρ
433 1384 504 1434 τῆς
523 1380 651 1437 ἀρχῆς
673 1379 892 1423 δεδώκασιν
910 1381 1062 1438 ἀνάγκη
1081 1387 1193 1426 πᾶσα
1214 1391 1461 1440 συναγαγεῖν.
1508 1386 1553 1427 ἐκ
1573 1383 1670 1427 τού-

308 1510 332 1544 7
370 1506 487 1552 ἀγρὸν
523 1503 547 1551 ἢ
587 1512 721 1542 enatum
761 1520 805 1542 ex
843 1507 1032 1555 ἀργύριον.
1216 1513 1260 1548 13
1295 1509 1530 1547 ἀπολελοίπει
1550 1512 1667 1557 vulgo.

307 1555 353 1589 14
379 1560 459 1588 ante
481 1551 527 1587 τοὶ
550 1550 616 1596 μὲν
639 1554 852 1589 desideratur
882 1561 942 1590 aut
971 1556 1151 1591 relativum
1180 1551 1254 1601 ὦν,
1290 1563 1349 1592 aut
1378 1558 1570 1604 copulativa
1592 1559 1668 1602 καί,

307 1604 369 1634 aut
391 1599 698 1635 aliudhuiusmodi.
718 1601 814 1644 Sylb.
862 1602 942 1636 nihil
967 1603 1022 1636 hic
1047 1606 1155 1636 mutat
1178 1603 1398 1637 Godofredus
1422 1615 1536 1644 meus,
1560 1604 1613 1638 vir
1635 1605 1671 1638 in

305 1646 416 1680 media
439 1645 588 1678 Graecia
611 1645 710 1690 plura
736 1647 895 1691 edoctus,
921 1659 1019 1692 quam
1042 1648 1175 1693 quidem
1198 1649 1412 1692 Sylburgius.
1455 1649 1527 1683 vid.
1545 1656 1619 1683 enm
1634 1649 1670 1683 in

307 1691 434 1724 Comm.
453 1690 494 1723 ad
512 1690 534 1725 1.
552 1691 583 1724 6.
631 1690 764 1726 Theod.
782 1692 868 1726 Cod.
885 1694 927 1726 ad
943 1694 1009 1737 leg.
1026 1694 1087 1728 Iul.
1102 1694 1280 1738 repetuud.
1303 1695 1430 1730 Ritter.
1451 1693 1455 1696 ”
1475 1695 1552 1728 loco
1577 1706 1671 1728 com-

306 1736 408 1771 matis
432 1740 510 1780 post
531 1733 699 1780 χρήμοιτα
715 1737 810 1771 aliam
827 1738 1073 1774 distinctionem
1089 1739 1207 1784 posui,
1231 1751 1299 1784 qua
1315 1740 1508 1774 coniectura
1524 1740 1672 1783 Sylbur-

307 1783 411 1825 giana
425 1781 529 1825 magis
544 1782 583 1814 fit
597 1782 779 1826 superflua.
799 1784 841 1818 R.
979 1783 1110 1828 φόρων
1123 1786 1161 1826 S,
1184 1797 1227 1818 ne
1242 1786 1451 1830 discreparet
1466 1797 1573 1829 genus
1588 1797 1671 1830 par-

303 1828 422 1871 ticipii.
471 1832 508 1859 at
523 1827 692 1872 discrepat
709 1829 807 1862 etiam
824 1841 856 1882 p.
876 1831 920 1864 89
945 1832 1008 1864 16:
1035 1831 1110 1864 τῶν
1130 1829 1336 1873 μεινάντων
1359 1829 1670 1874 πεντηκοντόριιν,

305 1877 342 1906 et
359 1873 380 1905 l.
391 1873 410 1906 5
424 1873 528 1906 c.26:
552 1872 627 1905 τῶν
647 1871 789 1907 πόλεων
807 1874 1083 1918 απεγνωκότων.
1128 1876 1173 1910 cf.
1190 1876 1292 1911 Phot.
1308 1876 1469 1910 Bibliotb.
1487 1888 1520 1921 p.
1540 1878 1558 1910 1
1574 1877 1596 1909 b
1611 1877 1670 1918 27,

303 1919 373 1995 {22
388 1918 410 1950 b
426 1919 483 1959 35,
506 1918 611 1998 2351Βέ
625 1919 658 1961 8,
681 1919 748 1954 258
766 1920 787 1953 b
802 1921 858 1965 20,
881 1922 950 1957 277
964 1922 986 1956 b
1003 1922 1039 1965 3,
1061 1921 1130 1956 450
1146 1921 1167 1955 b
1185 1922 1238 1959 13.
1285 1921 1466 1956 Thiersch.
1493 1922 1536 1955 de
1557 1921 1671 1965 lingua

338 1973 477 1997 aeonum
492 1974 527 2007 p.
613 1988 623 1997 .

216 2084 348 2118 cunque
369 2073 509 2107 lubitum
534 2078 646 2116 esset,
674 2076 815 2110 animum
843 2075 1003 2122 principis
1026 2077 1227 2122 flecterent,
1255 2077 1299 2112 de
1319 2077 1390 2120 his,
1410 2077 1565 2122 inquam,
1589 2077 1671 2123 quid

217 2130 302 2165 opus
319 2124 371 2152 est
387 2119 572 2153 orationem
590 2121 763 2155 instituere
785 2122 1025 2166 prolixiorem?
1052 2123 1185 2167 quando
1210 2134 1321 2156 rerum
1346 2123 1524 2167 interitus,
1548 2123 1671 2157 exinde

214 2165 342 2207 secuti,
368 2176 487 2198 causae
512 2165 607 2198 nobis
632 2166 830 2201 iudicandae
853 2168 1003 2201 veniunt.
1050 2180 1123 2202 cum
1150 2168 1234 2202 enim
1257 2173 1384 2201 temere
1399 2173 1502 2212 atque
1517 2167 1619 2202 etiam
1634 2168 1670 2202 in

214 2210 368 2254 indignos
383 2209 456 2244 fisci
472 2211 559 2243 bona
576 2212 811 2254 profunderet,
835 2212 979 2257 ideoque
995 2225 1060 2246 non
1076 2214 1136 2247 abs
1153 2225 1190 2247 re
1209 2213 1358 2258 pluribus
1375 2213 1524 2258 pecuniis
1539 2218 1670 2257 egeret,

188 2280 191 2282 -
215 2255 463 2302 provinciarum
490 2257 723 2300 praefecturas
745 2258 919 2301 quibusvis
938 2259 1175 2293 accedentibus
1190 2258 1326 2292 venales
1344 2260 1555 2303 exponebat,
1578 2258 1670 2292 nulla

215 2312 358 2346 prorsus
385 2301 638 2337 existimationis
664 2307 724 2334 aut
747 2303 907 2336 honestae
930 2304 1020 2337 vitae
1038 2304 1170 2337 ratione
1193 2304 1324 2348 habita,
1349 2304 1409 2338 sed
1428 2315 1500 2337 eum
1516 2303 1668 2337 iudicans

213 2347 373 2380 idoneum
399 2346 457 2391 qui
481 2345 554 2379 auri
576 2347 630 2379 vel
655 2348 785 2390 argenti
806 2348 961 2382 maiorem
987 2360 1146 2382 summam
1170 2349 1326 2384 afferret.
1374 2349 1529 2393 adeoque
1553 2349 1670 2383 videre

215 2397 290 2425 erat
307 2391 516 2435 argentarios
532 2396 566 2424 et
583 2393 817 2425 nummularios
839 2398 874 2425 et
898 2394 1005 2436 alios,
1039 2394 1270 2439 professiones
1294 2394 1331 2426 in
1358 2395 1433 2427 foro
1458 2394 1670 2427 foedissimas

214 2439 401 2478 obeuntes,
425 2437 678 2480 magistratuum
704 2437 848 2480 insignia
871 2438 983 2479 ferre,
1006 2439 1232 2483 maioremque
1254 2439 1415 2483 pecuniae
1429 2439 1496 2472 vim
1511 2438 1670 2472 habenti-

213 2483 276 2516 bus
300 2482 491 2527 provincias
514 2482 659 2515 tradere.
708 2484 806 2527 (29)
833 2494 906 2516 cum
929 2485 1006 2517 talis
1029 2485 1063 2518 in
1085 2496 1124 2517 re
1142 2483 1277 2529 publica
1293 2485 1358 2517 iam
1374 2484 1562 2528 coepisset,
1587 2494 1669 2516 ver-

213 2539 298 2570 gens
314 2529 347 2560 in
363 2528 530 2570 deterius,
554 2528 712 2569 mutatio,
735 2528 895 2560 militares
911 2529 1043 2571 quidem
1061 2529 1178 2574 copiae
1194 2529 1411 2573 perexiguum
1431 2529 1518 2561 intra
1535 2533 1669 2573 tempus

214 2573 493 2606 deminuebantur
508 2578 543 2606 et
558 2574 590 2606 in
606 2574 740 2606 nihilum
757 2573 839 2606 adeo
856 2573 1106 2618 redigebantur,
1131 2575 1231 2607 urbes
1245 2585 1328 2607 vero
1345 2573 1487 2618 pecunia
1503 2572 1669 2606 destitue-

216 2618 297 2659 bat,
321 2628 407 2662 quae
425 2619 544 2662 partim
559 2630 621 2663 per
635 2618 792 2663 imposita
807 2618 934 2652 tributa
950 2619 1081 2652 modum
1101 2619 1312 2661 excedentia,
1337 2619 1459 2663 partim
1475 2629 1538 2662 per
1553 2617 1668 2651 avari-

216 2663 295 2695 tiam
313 2663 565 2706 magistratuum
583 2665 849 2698 exhauriebatur.
906 2663 938 2696 hi
957 2664 1043 2697 enim
1061 2675 1118 2697 eos
1136 2664 1194 2708 qui
1209 2664 1336 2697 animos
1349 2665 1497 2708 ipsorum
1513 2663 1670 2708 inexple—

215 2707 300 2740 biles
328 2709 391 2742 sibi
419 2720 486 2742 non
514 2709 757 2753 conciliabant,
782 2708 868 2743 omni
885 2709 976 2742 cultu
993 2709 1162 2742 calumniis
1176 2708 1426 2754 opprimebant,
1451 2714 1577 2742 tantum
1599 2719 1669 2742 nou

215 2752 398 2788 clamantes
424 2753 534 2790 omnia
558 2754 643 2798 sibi,
667 2766 754 2800 quae
782 2765 844 2801 pro
869 2754 1068 2799 magistratu
1082 2761 1338 2799 numerassent‚
1360 2753 1553 2789 necessario
1570 2753 1666 2787 oolli-
