1812 3016
244 139 341 186 238
869 144 1067 187 ZOSIMI

244 254 380 309 κὴνεῗς
394 252 520 311 ἀρχὴν
533 252 674 299 ἑαυτὸν
686 253 921 312 περιέστησε
927 256 1124 311 βασιλέως
1138 255 1183 299 οὗ
1197 253 1426 310 δεδωκότος,
1441 255 1687 314 κατάλληλος

246 325 290 365 δὲ
319 330 402 373 τοῖς
431 321 758 379 ὑποτεταγμένοις
786 323 1049 381 στρατιώταις
1082 326 1226 382 ὀφθεὶς
1261 325 1330 367 διά
1357 343 1399 368 τε
1431 327 1597 383 ἀνδρίαν
1621 329 1687 369 καὶ

245 391 460 446 πολεμικὴν
481 391 699 447 ἐπιστήμην
727 394 793 434 καὶ
813 392 1034 449 χρημάτων
1061 392 1286 450 ὑπεροψίαν
1306 395 1367 435 ἐπὶ
1385 394 1488 450 μέγα
1506 399 1687 450 προῆλθε

247 458 466 512 δυνάμεως,
500 462 563 501 καὶ
591 465 781 510 τοσοῦτος
807 456 855 515 ἦν
880 460 979 504 ὥστε
1012 463 1078 512 καὶ
1107 461 1207 517 πρὸς
1232 461 1302 504 τόν
1329 463 1499 515 βασιλέα
1526 480 1686 519 παρρη-

247 526 472 579 σιάζεσθαι,
499 530 564 569 καὶ
586 527 663 570 ὅσα
687 529 745 582 μὴ
768 532 900 579 καλῶς
924 530 1034 587 αὐτῷ’
1053 531 1156 584 μηδὲ
1173 527 1452 585 προσηκόντως
1472 529 1571 584 ἔχειν
1597 529 1719 584 {dd—5

248 613 305 637 κει
327 594 504 637 κωλύειν.
569 596 669 653 πρὸς
699 601 828 639 ταῦτα
855 599 1159 652 δυσανασχετῶν
1185 595 1206 639 ὅ
1232 597 1556 648 Οὗαλεντινιανὸς
1575 598 1689 640 ἀντέ-

247 681 345 706 τεινε
366 664 439 717 μὲν
462 662 674 715 πολλάκις,
707 664 798 719 ἤνυε
829 666 873 707 δὲ
894 666 1028 707 οὐδέν·
1065 664 1254 723 ὠχύρωτο
1279 665 1356 721 γὰρ
1379 663 1691 722 ὃἈρβογάστης

213 782 216 789 1
246 736 298 788 τῇ
326 736 405 773 τῶν
440 736 695 788 στρατιωτῶν
734 728 920 775 ἀπάντων
955 733 1100 792 εὐνοίᾳ.
1173 731 1446 787 ὑποτετάχθαι
1485 734 1528 776 δὲ
1561 732 1691 792 τούτῳ

247 799 466 855 περαιτέρω
487 800 544 853 μὴ
571 800 716 856 φέρων,
739 801 872 856 ἐπειδὴ
894 799 1122 856 καθήμενος
1139 801 1201 843 ἐπὶ
1223 805 1297 844 τοῦ
1310 803 1513 855 βασιλείου
1537 800 1690 858 θρόνου

246 867 316 910 τὸν
353 866 626 923 Ἀρβογάστην
669 866 866 910 ἐθεάσατο
899 868 1137 925 προσιόντα,
1184 867 1419 926 δριμύτερον
1454 867 1690 923 ὑποβλέπων
1704 874 1746 908 10

249 935 418 976 δέδωκεν
437 935 546 991 αὐτῷ
564 933 782 991 γράμματα
806 940 878 990 τῆς
897 936 1024 991 ἀρχῆς
1041 933 1312 993 παραλύοντα.
1389 935 1409 978 ὃ
1437 938 1479 979 δὲ
1498 937 1693 994 ἀναγνοὺς

242 1001 269 1016 ct
311 1001 332 1016 ἹΙ
861 1002 886 1018 (ζ

283 1019 372 1045 ουτε
398 1001 575 1053 δέδωκάς
598 1004 697 1057 μοι”
733 1006 837 1060 φησί
900 1006 972 1058 τὴν
1003 1004 1131 1060 ἀρχὴν
1150 1004 1238 1047 οὕτε
1265 1005 1487 1061 ἀφελέσθαι
1505 1004 1692 1062 δυνήσῃ.”

248 1072 315 1112 καὶ
343 1075 471 1112 ταῦτα
503 1070 643 1122 εἰπών,
679 1070 898 1128 διαρρήξας
925 1089 966 1114 τε
1001 1073 1046 1114 τὸ
1072 1071 1324 1129 γραμμάτιον
1353 1074 1419 1114 καὶ
1446 1074 1508 1114 ἐπὶ
1532 1077 1604 1128 τῆς
1621 1077 1695 1128 γῆς

249 1138 378 1194 ἀφείς,
414 1139 542 1180 ἀπιών
565 1138 701 1196 ᾤχετο.
771 1139 858 1182 τότε
887 1140 936 1194 δὴ
968 1140 1106 1182 λοιπὸν
1139 1141 1211 1182 οὐκ
1245 1142 1287 1182 ἐν
1314 1139 1528 1198 ἀπορρήτῳ
1552 1141 1603 1183 τὰ
1623 1145 1694 1194 τῆς

246 1204 429 1260 ὑποψίας
463 1207 661 1264 ἐτρέφετο,
693 1208 849 1264 φανερὰ
882 1209 925 1250 δὲ
949 1209 1060 1264 παρὰ
1091 1213 1189 1251 πᾶσι
1213 1207 1264 1250 τὰ
1284 1213 1356 1263 τῆς
1375 1208 1475 1264 πρὸς
1495 1207 1693 1263 ἀλλήλους
1706 1218 1747 1255 15

249 1274 386 1324 αὐτοΐς
411 1276 554 1330 ἐγίνετο
584 1277 828 1328 δυσμενείας.
896 1277 961 1317 καὶ
996 1274 1016 1318 ὅ
1055 1277 1128 1330 μὲν
1163 1275 1489 1326 Οὗαλεντινιανός
1517 1277 1694 1330 συνεχέσι

248 1340 349 1398 πρὸς
366 1341 435 1384 τὸν
450 1343 621 1395 βασιλέα
644 1342 860 1385 Θεοδόσιον
879 1342 1112 1399 γράμμασιν
1128 1345 1284 1401 ἐχρῆτο,
1315 1343 1388 1398 τὴν
1405 1344 1508 1386 κατὰ
1525 1349 1596 1398 τῆς
1613 1349 1695 1397 βα-

246 1410 396 1459 σιλειάς
422 1410 653 1461 ἀλαζονείαν
685 1411 856 1467 τάνδρὸς
885 1409 1144 1466 ἐξαγγέλλων,
1180 1413 1246 1454 καὶ
1268 1415 1437 1466 βοηθεῖν
1467 1410 1694 1468 παρεκάλει,

246 1479 491 1533 δραμεῖσθαι
526 1478 626 1533 πρὸς
649 1476 783 1530 αὐτόν,
814 1481 848 1520 εἴ
867 1479 925 1533 μὴ
945 1478 1114 1532 τάχιστα
1135 1484 1252 1522 τοῦτο
1273 1477 1484 1533 ποιήσειεν,
1519 1478 1694 1533 ἐπομνύ-

243 1558 387 1598 μενος·
431 1544 681 1601 Ἀρβογάστῃ
724 1548 768 1587 δὲ
805 1546 850 1589 τὸ
891 1547 1087 1601 πρακτέον
1131 1547 1420 1589 ἀνασκοποῦντι
1456 1546 1592 1603 γνώμη
1634 1557 1750 1598 τιςΞΟ

245 1611 354 1668 ἐπῄει
373 1611 550 1667 τοιαύτη.
620 1612 743 1668 (54)
778 1608 828 1668 ἦν
856 1631 916 1664 τις
942 1615 984 1655 ἐν
1005 1622 1089 1664 τοῖς
1113 1616 1331 1668 βασιλείοις
1349 1614 1696 1672 ἀναστρεφόμενος

247 1681 436 1735 Εὐγένιος
460 1679 602 1734 ὄνομα,
632 1683 791 1740 παιδεία
818 1680 1083 1738 προήκωνσὲπὶ
1110 1687 1301 1725 τοσοῦτον
1322 1681 1423 1725 ὥστε
1444 1684 1510 1725 καὶ
1533 1682 1694 1740 ῥητορι-

247 1747 317 1789 κὸν
339 1749 602 1790 ἐπανελέσθαι
617 1751 708 1802 βιόν
728 1752 794 1792 καὶ
814 1749 1057 1806 προεστάναι
1080 1753 1372 1793 διδασκαλείου.
1438 1750 1539 1808 πρὸς
1555 1755 1696 1793 τοῦτον

342 1842 383 1876 15
407 1840 510 1884 παροέ
527 1855 579 1877 om
598 1844 636 1877 P.
774 1845 818 1879 23
841 1842 1046 1885 προστάναι
1061 1846 1103 1890 P,
1122 1846 1206 1881 vitio
1225 1845 1400 1890 ambigu03
1423 1856 1500 1880 nam
1514 1845 1572 1880 vel
1584 1855 1696 1889 προε-

340 1886 472 1921 στάναι
485 1888 662 1933 legendum
676 1889 733 1923 vel
750 1890 964 1934 προστῆναι.
987 1891 1024 1924 S.
1430 1892 1434 1895 “

249 1965 486 2000 auctoritatem
510 1966 736 2009 magisterium
763 1967 898 2000 militum
919 1967 952 2000 in
974 1979 1011 2001 se
1036 1968 1264 2002 transtulerat.
1309 1968 1402 2003 visus
1423 1972 1535 2003 autem
1555 1966 1698 2002 subditis

250 2010 314 2045 sibi
341 2010 499 2044 militibus
525 2010 666 2045 idoneus
691 2013 733 2045 ob
756 2012 985 2047 fortitudinem
1012 2013 1127 2058 reique
1144 2013 1283 2047 bellicae
1298 2013 1467 2049 scientiam
1483 2018 1519 2047 et
1534 2013 1698 2058 pecuniae

249 2060 475 2099 contemptum
486 2082 495 2096 ‚
520 2067 670 2099 magnam
687 2058 730 2090 ad
744 2058 932 2103 potentiam
950 2059 1114 2103 pervenit.
1160 2059 1314 2104 adeoque
1327 2063 1440 2093 tantus
1456 2064 1530 2093 erat
1545 2062 1583 2092 ut
1597 2058 1697 2093 etiam

250 2100 412 2134 adversus
431 2101 610 2145 principem
627 2102 763 2136 liberior
779 2109 880 2145 esset,
904 2109 939 2136 et
954 2115 1174 2149 quaecunque
1187 2115 1252 2138 non
1268 2109 1372 2147 recte,
1392 2116 1454 2138 nec
1468 2104 1516 2138 uti
1532 2114 1594 2149 par
1609 2107 1697 2148 erat,

248 2146 323 2178 fieri
349 2147 506 2190 putabat,
531 2146 739 2189 prohiberet.
794 2160 835 2182 ea
857 2148 1110 2182 Valentinianus
1136 2149 1336 2194 permoleste
1358 2151 1472 2183 serens
1498 2147 1636 2194 opponit
1658 2160 1698 2183 se

247 2190 381 2235 quidem
400 2190 446 2224 illi
461 2191 608 2235 saepius,
626 2192 686 2225 sed
702 2192 780 2226 nihil
797 2193 948 2238 proficit:
965 2206 1039 2227 nam
1060 2194 1266 2238 Arbogastes
1281 2194 1423 2228 omnium
1438 2194 1573 2228 militum
1589 2195 1696 2228 bene-

247 2236 395 2269 volentia
422 2237 566 2269 munitus
592 2241 674 2271 erat.
721 2239 856 2272 tandem
883 2239 1135 2273 Valentinianus
1163 2240 1249 2273 haud
1273 2241 1384 2274 ferens
1407 2240 1545 2285 amplius
1566 2243 1605 2274 ut
1618 2239 1697 2273 huic

249 2281 420 2314 subiectus
437 2285 538 2322 esset,
562 2293 634 2315 cum
652 2289 792 2325 augusto
809 2284 840 2316 in
859 2284 942 2317 solio
959 2285 1078 2318 sedens
1094 2285 1305 2318 accedentem
1319 2285 1448 2318 videret
1458 2286 1697 2329 Arbogastem,

248 2326 357 2360 torvis
380 2326 485 2360 oculis
507 2326 670 2360 hominem
697 2328 885 2372 adspiciens
897 2355 906 2371 ‚
936 2329 1080 2363 libellum
1102 2330 1243 2384 porrigit
1257 2341 1324 2374 quo
1341 2330 1372 2363 ei
1388 2330 1617 2374 magistratum
1633 2330 1697 2363 ab-

248 2372 403 2415 rogabat.
449 2372 513 2405 hoc
534 2371 590 2405 ille
613 2372 761 2416 perlecto
784 2370 876 2407 “nec
891 2374 1014 2408 dedisti
1038 2374 1115 2408 mihi
1138 2372 1370 2420 potestatem’'
1393 2375 1442 2409 ait
1463 2371 1550 2409 “nec
1565 2374 1697 2420 eripere

249 2413 411 2462 poteris.'’
457 2417 577 2460 quibus
603 2417 743 2461 prolatis
767 2417 1002 2464 discerptoque
1027 2420 1139 2454 libello
1156 2421 1237 2454 etin
1253 2425 1375 2454 terram
1392 2420 1525 2455 abiecto
1543 2419 1695 2454 discedit.

250 2474 294 2496 ex
313 2474 352 2495 eo
375 2467 526 2506 tempore
552 2473 617 2495 non
642 2463 825 2496 clanculum
849 2465 1056 2508 suspiciones
1088 2465 1282 2507 alebantur,
1310 2465 1371 2499 sed
1405 2466 1555 2500 omnibus
1581 2475 1697 2498 eorum

250 2507 439 2540 inimicitiae
455 2507 627 2552 patebant.
666 2519 707 2540 ac
725 2508 974 2543 Valentinianus
990 2510 1120 2554 quidem
1135 2511 1261 2544 crebris
1277 2510 1318 2544 ad
1332 2511 1564 2555 imperatorem
1579 2509 1698 2543 Theo-

249 2552 377 2586 dosium
391 2552 515 2585 litteris
531 2553 704 2594 utebatur,
729 2553 847 2597 quibus
864 2565 936 2586 eum
954 2554 996 2587 de
1013 2555 1108 2588 buius
1126 2556 1190 2589 viri
1205 2556 1368 2590 adversus
1383 2555 1588 2589 maiestatem
1604 2554 1699 2600 prin-

252 2598 334 2642 cipis
360 2597 553 2641 arrogantia
579 2598 751 2631 certiorem
778 2598 952 2642 reddebat,
977 2600 1140 2645 simulque
1162 2601 1302 2645 petebat
1326 2604 1362 2633 ut
1379 2611 1474 2644 opem
1496 2599 1560 2633 sibi
1577 2601 1698 2643 ferret,

252 2643 463 2676 iureiurando
480 2643 647 2676 affirmans
663 2655 700 2676 se
715 2643 756 2676 ad
773 2643 879 2696 ipsum
896 2644 1139 2687 advolaturum,
1155 2645 1188 2679 ni
1203 2656 1300 2690 quam
1316 2645 1455 2689 primum
1472 2645 1535 2678 boc
1550 2644 1697 2682 fecisset.

252 2688 432 2732 Arbogasti
451 2700 530 2721 vero
543 2714 553 2730 ‚
574 2688 797 2721 consideranu
814 2688 891 2732 quid
909 2689 1072 2732 agendum
1089 2696 1195 2733 esset,
1220 2689 1403 2723 huiusmodi
1425 2689 1591 2734 quoddam
1614 2701 1698 2723 con-

252 2733 359 2766 silium
380 2733 423 2766 ad
446 2733 588 2766 animum
612 2733 742 2768 accidit.
789 2734 807 2775 (
819 2733 891 2777 54)
917 2735 1113 2768 versabatur
1131 2735 1165 2768 in
1185 2735 1260 2768 aula
1274 2735 1407 2779 quidam
1421 2734 1474 2768 cui
1489 2746 1607 2769 nomen
1623 2734 1698 2769 Eu-

234 2778 371 2821 ·genius
381 2804 391 2822 ,
414 2782 512 2813 tanta
534 2779 720 2814 eruditione
742 2778 917 2814 doctrinae
943 2784 1119 2825 praestans
1134 2785 1172 2814 ut
1187 2784 1223 2814 et
1237 2779 1412 2815 oratoriam
1427 2780 1648 2826 profiteretur
1662 2782 1699 2814 et
