1812 3016
413 69 850 116 COMMENTARIUS
877 72 1226 118 msromcns.
1441 73 1539 120 389

102 183 236 230 ptores
254 176 394 217 eadem
410 181 636 218 omiserant.
678 179 833 218 videtur
851 179 949 219 adeo
968 180 1166 220 interdum
1186 179 1337 234 aliquid
1354 183 1537 235 persequi

102 234 242 272 latim-e
260 236 455 283 oratione,
491 249 580 273 cum
597 237 632 274 is
651 237 700 274 ab
720 237 808 274 aliis
826 244 895 274 aut
911 239 1100 275 omIssum
1118 245 1184 276 aut
1201 250 1342 289 parum
1364 237 1536 290 diligen-

102 294 165 326 ter
177 296 376 328 narratum
395 293 642 342 repperisset.
698 293 813 330 aliis·
801 305 843 329 ιιι
861 293 957 331 locis
977 291 1052 330 hoc
1071 301 1266 344 spectasse
1283 292 1461 341 videtur,
1490 302 1535 332 ut

99 343 303 383 brevitatis
328 345 504 384 taedium
531 354 764 399 temperaret
788 349 1026 399 interpositis
1052 350 1155 387 inter
1174 351 1384 387 summarie
1405 363 1533 400 expo-

101 400 178 438 sita
202 402 347 452 partim
371 401 674 453 digressionibus
695 405 837 454 partim
856 405 968 442 factis
987 404 1231 443 mirabilibus
1246 406 1440 455 copiosius
1457 418 1533 444 ex-

99 456 254 506 positis.
308 455 499 495 iudicium
524 460 567 495 in
595 457 756 496 homine
789 457 896 496 haud
926 473 1013 498 raro
1045 458 1400 507 desidero31idem
1426 459 1534 499 haud

98 511 238 559 ἠώιος
267 515 341 550 etsi
360 512 550 551 iudicium
571 516 767 565 scriptoris
782 516 847 551 vel
868 517 924 552 sic
943 529 1013 567 pro
1032 528 1078 553 ea
1100 524 1226 554 aetate
1245 514 1350 553 haud
1371 517 1534 567 vulgare

98 578 284 618 agnosco,
310 571 598 620 comparatione
615 582 704 607 cum
720 569 950 608 Christianis
967 573 1217 622 scriptoribus
1236 572 1350 609 sacta.
1397 573 1532 624 itaque

98 624 273 674 quoties,
302 622 480 662 eiusdem
507 626 564 662 rei
594 626 765 663 consiliis
795 626 843 662 ab
873 627 951 663 alio
978 629 1163 678 scriptore
1193 627 1401 679 propositis
1429 629 1532 676 aliis,

96 679 279 717 Zosimus
305 678 505 718 diversum
531 688 598 718 aut
624 694 772 718 novum
797 683 1004 720 consilium
1026 690 1093 720 aut
1113 696 1271 722 causam
1293 682 1424 731 affert,
1451 696 1532 721 non

95 735 231 771 statim
258 736 387 773 malae
416 735 510 774 fidei
536 743 603 773 aut
632 739 772 774 erroris
798 745 856 774 est
885 738 1147 788 accusandus,
1176 738 1247 777 sed
1277 752 1368 776 cum
1394 740 1532 777 ceteris

96 795 157 827 est
186 790 476 841 componendus
499 799 539 830 et
565 793 688 830 altera
712 794 809 830 ratio
839 794 952 831 alteri
982 794 1299 847 attemperanda.
1324 807 1363 832 v.
1387 807 1420 832 c.
1441 807 1532 846 sup.

94 857 132 882 c.
159 848 202 887 7.
256 847 318 884 Η.

203 904 457 952 p-196v.1.
513 901 579 943 ἐπὶ
614 899 787 957 Θρᾴκης.
843 903 896 942 cf.
934 906 1088 955 Eunap.
1124 905 1168 942 in
1204 905 1305 941 Exc.
1346 901 1395 941 de
1431 906 1531 956 Leg.

204 1013 343 1062 P·197
358 1025 398 1050 v.
415 1015 456 1054 6.
513 1028 535 1051 e
558 1012 767 1051 Saracenis
783 1028 888 1052 nunc
905 1015 1007 1053 iuter
1029 1016 1160 1066 copias
1179 1016 1375 1053 Romanas
1394 1014 1532 1054 haberi

92 1065 274 1105 videmus
297 1076 496 1119 equestres
518 1076 680 1107 turmas.
736 1071 885 1108 Arabes
918 1073 972 1108 ita
1001 1072 1218 1136 appellatos
1246 1073 1339 1108 satis
1366 1079 1528 1119 constat,

91 1127 134 1158 et
161 1122 324 1174 quidem
352 1125 400 1162 ab
427 1125 539 1162 initio
559 1126 683 1163 tribus
705 1133 827 1164 certas
847 1126 1083 1164 Nomadum.
1140 1127 1265 1177 prima
1287 1140 1422 1164 eorum
1439 1140 1530 1165 me-

90 1180 258 1216 moratio
274 1179 318 1216 fit
336 1181 409 1217 sub
428 1182 586 1218 Marco
573 1194 671 1232 unp.
690 1194 729 1218 v.
747 1184 947 1219 Ammian.
970 1186 1022 1223 14
1051 1182 1091 1223 4.
1142 1183 1193 1219 cf.
1211 1182 1414 1220 ibiV.ales
1434 1182 1528 1221 add.

87 1245 134 1283 P-
152 1236 248 1275 392·
303 1235 355 1272 cf·
380 1238 434 1276 ‘23
464 1236 491 1276 4
523 1249 565 1288 p·
595 1238 676 1277 368
702 1239 872 1274 scenitas
889 1237 1065 1283 Arabes,
1094 1251 1190 1288 quos
1214 1239 1433 1276 Saracenos
1448 1252 1529 1288 po-

80 1288 247 1326 stet-itas
270 1291 503 1341 appellavit.
562 1293 604 1328 in
620 1294 827 1330 Arracenis
845 1294 965 1330 Plinii
980 1296 1007 1336 6
1035 1296 1088 1334 82
1117 1294 1185 1330 alii
1210 1306 1277 1330 eos
1301 1294 1422 1331 latere
1448 1307 1528 1344 pu-

89 1349 235 1383 tarunt.
288 1347 488 1384 Romanas
519 1353 667 1386 turmas
702 1348 751 1385 ab
780 1350 830 1387 iis
862 1349 970 1387 fusas
1002 1349 1172 1399 legimus
1205 1349 1278 1386 sub
1309 1349 1526 1387 Commodo

87 1410 127 1437 a.
164 1401 258 1441 192.
311 1403 375 1439 H.

197 1455 253 1493 ib.
274 1469 315 1494 v.
338 1456 405 1498 14.
462 1457 511 1494 ab
539 1459 751 1497 Ammiano
777 1461 828 1500 31
858 1461 911 1501 16
940 1460 1134 1511 copiosius
1150 1466 1189 1496 et
1209 1458 1400 1497 distinctis
1419 1466 1524 1497 tem-

84 1511 246 1562 poribus
264 1510 364 1550 haec
379 1520 598 1551 narrantur.

197 1580 238 1618 p-
258 1569 338 1610 198
356 1581 395 1605 v.
416 1570 455 1608 1.
513 1568 665 1607 diversa
696 1569 766 1608 sed
797 1569 847 1606 ad
872 1569 991 1606 fldem
1015 1570 1196 1620 propiora
1216 1570 1449 1606 Ammianus
1469 1571 1519 1610 31

86 1622 140 1662 11
162 1621 303 1671 tradit,
332 1625 402 1675 qui
418 1624 692 1662 Sebastianum
708 1638 787 1661 non
804 1627 888 1662 sine
907 1626 1109 1661 voluntate
1130 1626 1303 1661 Gratiani
1323 1624 1395 1661 sed
1413 1627 1523 1661 iussu

85 1678 191 1725 eius,
222 1681 410 1730 quoniam
425 1680 568 1717 Valens
585 1681 633 1717 ab
650 1694 696 1717 eo
716 1680 855 1716 ducem
873 1679 1081 1731 providum
1096 1681 1211 1716 illum
1232 1686 1271 1716 et
1288 1679 1523 1730 prudentem

85 1734 275 1783 petierat,
302 1735 417 1771 Italia
444 1736 577 1772 relicta
603 1735 655 1773 ad
677 1738 876 1774 Orientem
895 1738 1048 1772 venisse
1069 1742 1109 1771 et
1129 1734 1347 1785 pedithus,
1378 1736 1521 1786 quibus

84 1789 283 1827 Traianus
303 1797 393 1827 ante
414 1791 666 1841 imperasset,
693 1792 935 1841 praefectum
956 1791 1079 1828 fuisse
1100 1791 1246 1827 scribit.
1302 1789 1409 1840 apud
1426 1791 1522 1828 Sui-

85 1842 180 1881 dam
195 1843 239 1881 h.
258 1858 299 1881 v.
318 1858 464 1896 magna
481 1848 566 1883 eius
586 1848 673 1884 laus
693 1854 835 1883 exstat.
891 1847 966 1883 fuit
986 1848 1029 1883 in
1053 1859 1099 1883 eo
1115 1848 1256 1896 ingens
1279 1848 1383 1883 vitae
1409 1845 1521 1883 duri-

84 1900 161 1938 ties
181 1906 221 1937 et
238 1900 418 1938 laborum
437 1904 646 1953 patientia,
678 1904 840 1939 comitas
862 1914 955 1952 erga
971 1903 1137 1949 milites,
1170 1909 1209 1939 et
1226 1904 1267 1938 in
1285 1902 1432 1952 rapinis
1448 1914 1518 1938 eo·-

84 1967 175 1992 mm
201 1956 425 1994 coercendis
453 1971 499 1994 ac
529 1957 761 1995 continenda
789 1957 996 2008 disciplina
1021 1970 1176 1995 summa
1200 1959 1414 2003 severita33
1453 1958 1519 1993 vi-

85 2017 194 2048 ctum
222 2012 298 2049 sibi
322 2013 480 2063 petebat
505 2026 710 2064 nunquam
737 2012 971 2060 delicatum,
999 2021 1038 2050 et
1056 2011 1390 2065 quemadmodum
1408 2014 1516 2063 peri-

84 2066 174 2103 cula
198 2079 279 2104 non
303 2069 573 2116 aversabatur,
606 2071 661 2106 ita
688 2070 863 2106 maxime
885 2070 1095 2106 mollitiem
1119 2069 1316 2119 fugiebat3
1344 2080 1517 2117 προσκε-

82 2135 264 2173 nomme
283 2122 327 2162 δέ
355 2124 436 2175 (ita
457 2124 600 2162 Suidas
615 2126 758 2162 similia
778 2125 860 2162 fere
878 2124 991 2162 dictis
1009 2126 1158 2162 Zosimi
1175 2125 1339 2162 fortasse
1358 2137 1411 2160 ex
1429 2125 1515 2160 Eu-

82 2178 204 2244 napio
230 2177 368 2216 afferre
397 2180 552 2230 pergit)
591 2178 657 2220 δια
683 2195 845 2247 γνωμης
877 2177 1076 2247 ὀρθότητα
1102 2184 1187 2227 τοῖς
1214 2181 1515 2249 κατακρμισταῖς
1562 2183 1569 2188 “

84 2227 293 2283 &tutilone
321 2237 402 2274 τῶν
431 2234 644 2286 βασιλέων,
674 2234 834 2283 εὔκολος
864 2251 922 2275 ων
946 2234 1012 2276 δια
1032 2236 1175 2275 πενίαν
1194 2234 1263 2275 καὶ
1280 2237 1438 2283 κοῦφος
1456 2233 1514 2280 εἰς

63 2331 65 2333 ,
83 2285 389 2338 μετανάστασιν,
430 2290 613 2343 διεδέχθη
640 2293 713 2343 τῆς
739 2292 983 2344 στρατηγίας.
1051 2290 1201 2329 Gothos
1237 2288 1429 2342 quosdam
1461 2287 1515 2325 ad

82 2343 261 2380 Hebrum
274 2344 392 2382 fudit.

193 2411 235 2450 p
259 2401 337 2439 199
355 2413 395 2438 v.
420 2403 484 2442 13.
538 2403 686 2439 incerta
714 2409 754 2440 et
780 2403 964 2452 ambigua
990 2409 1050 2440 est
1075 2401 1313 2440 existimatio
1341 2398 1389 2436 de
1415 2411 1514 2449 pru-

84 2451 219 2491 dentia
233 2455 468 2493 sebastiani.
522 2459 755 2495 Ammianus
773 2460 879 2495 enim
894 2459 1097 2496 Valentem
1114 2456 1265 2494 invidia
1282 2457 1511 2504 flagrantem

83 2510 240 2546 virtutis
256 2517 295 2547 et
310 2512 495 2549 victoriae
514 2514 692 2550 Gratiani
713 2513 763 2550 de
778 2514 1052 2551 Lentiensibus
1070 2519 1225 2564 partae,
1253 2523 1298 2547 ac
1319 2510 1437 2548 simul
1458 2510 1512 2546 li-

84 2565 180 2602 teris
196 2565 437 2615 sebastiani,
466 2580 567 2620 quae
587 2581 610 2605 a
630 2582 673 2606 se
693 2571 736 2606 in
744 2570 935 2606 barbaros
951 2576 1061 2619 gesta
1079 2574 1188 2605 erant
1205 2565 1318 2603 dictis
1335 2577 1513 2614 exagge-

85 2621 229 2668 rantis,
253 2622 490 2672 impulsum,
514 2636 596 2661 non
621 2632 848 2675 exspectato
869 2638 921 2663 ex
944 2623 1152 2662 Occidente
1175 2622 1349 2670 auxilio,
1378 2627 1511 2658 contra
1535 2621 1538 2623 ’

87 2674 258 2712 aliorum
281 2679 443 2716 consilia
461 2692 546 2716 rem
562 2681 803 2718 committere
818 2681 997 2718 fortunae
1011 2690 1253 2730 properasse.
