1774 3002
247 105 313 162 92
866 109 1058 154 zosmn

247 226 341 267 δέκα
371 219 577 281 μυριάδων
606 229 710 280 τρεῖς
741 219 857 278 μόλις
888 225 1106 280 διαφυγεῖν.
1174 218 1383 275 Βυζάντιοι
1407 222 1481 278 μὲν
1502 215 1574 264 οὖν
1593 220 1678 276 ἅμα

244 297 302 349 τῷ
326 297 451 334 ταῦτα
473 292 654 347 γενέσθαι
676 291 748 341 τὰς
771 290 900 340 πύλας
922 288 1238 340 ἀναπετάσαντες
1257 291 1434 344 ἐδέχοντο
1457 292 1676 333 Κωνσταν-

243 367 369 412 τῖνον,
403 361 558 402 ἐποιόυν
578 360 620 401 δὲ
642 358 762 400 ταύτὸ
784 362 849 401 καὶ
868 357 1158 413 Χαλκηδόνιοι·
1191 359 1405 407 Λικίννιος
1421 358 1464 400 δέ
1482 358 1584 411 μετὰ
1603 357 1675 412 τὴν

242 421 364 482 ἧτταν
387 430 442 477 εἷς
461 425 731 480 Νικομήδειαν
745 425 882 484 ἐχώρει
905 426 977 469 σὺν
997 433 1080 476 τοῖς
1101 429 1410 483 περιλειφθεῖσιν
1430 425 1588 468 ἱππεῦσι
1608 427 1676 467 καὶ

240 497 364 546 πεζῶν
380 494 556 548 χιλιάσιν
578 495 739 550 ὀλίγαις.

374 562 451 606 27.
512 563 579 603 Ἔν
601 561 728 618 τούτῳ
749 566 806 619 τῷ
822 559 956 618 χρόνῳ
978 560 1077 617 πρὸς
1091 560 1260 614 βασιλέα
1279 561 1582 602 Κωνσταντῖνον
1599 557 1677 613 ηὗ-

237 628 432 684 τομόλησε
454 630 620 686 Πέρσης
644 628 764 686 ἀνήρ,
794 627 1013 685 Ὁρμίσδης
1035 628 1182 682 ὄνομα,
1209 631 1282 670 τοῦ
1300 629 1505 681 βασιλείου
1525 627 1674 682 γένους,

238 699 280 747 ἐξ
311 700 440 747 αἴτιἀς
470 700 642 739 τοιᾶσδε.
712 701 783 739 τοῦ
813 697 964 753 πατρὸς
987 697 1096 753 αὐτῷ
1118 698 1290 752 Περσῶν
1308 693 1590 748 βασιλεύοντος
1606 695 1674 735 καὶ

236 765 308 819 τὴν
332 766 532 819 γενέθλιον
555 766 822 814 ἐπιτελοῦντος
843 765 945 806 κατὰ
967 764 1034 805 τὸν
1053 766 1225 818 Περσῶν
1245 761 1367 816 νόμον
1387 761 1554 819 ἡμέραν,
1575 759 1674 817 εΟρ-

235 834 381 886 μίσδης
407 831 526 888 εἰσῄει
552 831 688 887 θήραν
706 832 855 886 πολλὴν
875 830 1093 886 εἰσαγαγὼν
1114 833 1168 880 εἷς
1190 828 1240 872 τὰ
1255 832 1453 883 βασίλεια.
1517 833 1598 871 τῶν
1628 828 1672 871 δὲ
1682 836 1727 871 10

238 901 576 956 παρακληθέντων
601 902 655 949 εἷς
678 900 750 953 τὴν
772 900 938 953 εὐωχίαν
965 899 1011 941 οὗ
1036 896 1287 953 τιμησάντων
1311 897 1433 940 αὐτὸν
1454 896 1547 938 οὐδὲ
1568 896 1672 938 κατὰ

237 967 282 1009 τὸ
310 972 490 1022 καθῆκον
518 966 844 1019 ἐπαναστάντων,
881 964 1158 1022 ἀγανακτήσας
1178 966 1362 1020 ἠπείλησε
1380 965 1448 1007 τὸν
1464 962 1671 1021 Μαρσύου

235 1033 363 1091 μόρον
389 1036 524 1084 αὐτοῖς
548 1034 765 1090 ἐπιθήσειν.
834 1035 870 1077 οῗ
889 1035 962 1088 μὲν
980 1029 1050 1076 οὖν
1070 1035 1227 1083 πλείους
1247 1031 1447 1087 ἠγνόησαν
1465 1032 1534 1074 τὸν
1551 1029 1671 1086 λόγον

237 1101 304 1144 οἷα
325 1103 374 1157 δὴ
395 1103 466 1145 οὐκ
486 1102 695 1159 ἐπιχώριον
713 1102 828 1154 ὄντα,
861 1103 1026 1158 Πέρσης
1049 1102 1094 1143 δέ
1107 1119 1166 1151 τις
1182 1099 1430 1155 ἐπιδημήσας
1446 1104 1496 1156 τῇ
1513 1099 1671 1158 Φρυγία

235 1173 301 1212 καὶ
331 1171 375 1212 τὸ
404 1171 506 1212 κατὰ
531 1171 596 1212 τὸν
620 1168 830 1227 ΖΠαρσύαν
861 1169 1041 1224 ἀκηκοώς
1073 1167 1248 1223 διήγημα
1281 1172 1352 1222 τῆς
1385 1168 1548 1222 ἀπειλῆς
1571 1164 1669 1223 εΟρ-
1681 1168 1724 1204 15
1772 1188 1774 1191 ·

234 1240 380 1291 μίσδου
411 1239 482 1292 τὴν
513 1238 664 1280 ἔννοιαν
691 1245 774 1287 τοῖς
799 1237 1152 1293 παρακαθημένοις
1185 1237 1343 1285 ἐξεῖπεν.
1409 1235 1447 1276 οἱ
1476 1235 1519 1276 δὲ
1543 1251 1669 1276 κατα-

234 1305 394 1358 σχόντες
416 1308 456 1347 ἐν
479 1304 616 1361 μνήμῃ
639 1306 710 1359 τὴν
734 1303 896 1358 ἀπειλήν
904 1337 917 1356 ,
953 1304 1085 1357 ἐπειδὴ
1109 1304 1177 1345 τὸν
1196 1304 1348 1359 πατέρα
1370 1300 1668 1358 τόι’“ορ,ιιι’σδου

231 1377 460 1427 τελευτῆσαι
494 1374 637 1427 σννέβη
648 1405 659 1423 ,
687 1373 927 1426 μεμνημένοι
953 1376 1031 1413 τῶν
1054 1371 1347 1425 ἀπειληθέντων
1365 1369 1435 1411 τὸν
1453 1370 1526 1424 μὲν
1549 1369 1668 1411 ἀδελ-

231 1441 309 1496 ᾳὸν
342 1441 410 1481 τὸν
443 1441 568 1482 αὐτοῦ
596 1438 785 1496 νεώτερον
810 1439 906 1482 ὄντα
934 1440 1104 1493 βασιλέα
1122 1442 1416 1494 χειροτονοῦσι,
1450 1438 1516 1478 καὶ
1539 1440 1668 1479 ταῦτα

228 1512 302 1548 τοῦ
323 1507 446 1561 νόμου
466 1512 523 1565 τῷ
545 1509 798 1565 πρεσβυτέρῳ
819 1513 898 1549 τῶν
914 1507 1112 1560 βασιλέως
1132 1508 1286 1547 παίδων
1308 1503 1487 1554 διδόντος
1500 1502 1723 1558 τὴν-τῶνΞΟ
1771 1513 1774 1539 :

227 1573 331 1616 ὅλων
362 1574 594 1630 ἡγεμονίαν,
629 1573 827 1631 ιΟρμίσδῃ
857 1577 899 1617 δὲ
927 1576 1050 1623 πέδας
1072 1574 1272 1623 ἐπιθέντες
1291 1571 1513 1629 ἐφύλαττον
1530 1571 1571 1614 ἕν
1590 1588 1665 1614 τινι

226 1641 340 1699 λόφῳ
371 1643 449 1700 πρὸ
481 1647 554 1685 τοῦ
588 1642 728 1693 ἄστεος
757 1641 852 1684 ὄντι.
915 1640 1063 1697 χρόνου
1100 1642 1147 1683 δέ
1178 1658 1284 1690 τινος
1316 1637 1608 1696 διαδραμόντος
1638 1637 1664 1693 ἦ

225 1709 366 1753 τούτου
410 1711 508 1767 γυνὴ
548 1709 698 1752 τοιόνδε
735 1708 882 1768 τρόπον
919 1711 1028 1769 αὐτῷ
1060 1713 1288 1764 μηχανᾶται
1325 1706 1468 1765 φυγήν.
1543 1706 1664 1760 ἰχθὺν

1757 374 1774 446 'z

1683 460 1774 547 εξ

1764 554 1774 574 ,-

315 1852 357 1887 19
380 1847 481 1897 αὐτῷ
504 1851 545 1886 L.

223 1973 317 2017 ginta
343 1973 465 2007 milium
489 1984 625 2008 numero
650 1972 708 2006 vix
732 1971 870 2016 triginta
892 1973 978 2006 milia
1001 1972 1195 2006 evaderent.
1242 1982 1315 2005 cum
1329 1971 1468 2016 primum
1482 1969 1567 2004 haec
1581 1981 1663 2004 eve-

224 2019 369 2060 nissent,
394 2019 551 2061 Byzantii
576 2018 827 2052 constantinum
845 2017 950 2061 portis
966 2018 1093 2063 apertis
1109 2016 1293 2061 accipiunt,
1317 2016 1404 2050 idem
1426 2020 1460 2049 et
1475 2015 1662 2048 Chalcedo-

224 2063 288 2096 niis
302 2063 543 2096 factitantibus.
582 2063 726 2096 Licinius
741 2062 850 2095 victus
864 2063 1092 2097 Nicomediam
1108 2073 1180 2096 cum
1196 2061 1363 2107 equitibus
1376 2060 1514 2105 reliquis
1529 2066 1565 2094 et
1578 2071 1662 2106 pau-

223 2108 269 2143 cis
283 2108 427 2153 peditum
445 2108 573 2141 milibus
587 2107 762 2140 contendit.

313 2155 367 2187 27.
415 2153 453 2186 In
473 2154 535 2186 hoc
548 2158 701 2196 tempore
717 2153 823 2185 Persa
838 2152 992 2196 quidam,
1016 2152 1069 2185 cui
1091 2163 1209 2185 nomen
1229 2151 1447 2194 Hormisdes‚
1469 2150 1565 2194 regio
1580 2161 1660 2185 san-

222 2198 323 2242 guine
346 2204 544 2244 procreatus
556 2224 566 2242 ‚
591 2198 634 2231 ad
660 2197 890 2242 imperatorem
908 2198 1161 2231 Constantinum
1176 2209 1217 2231 ex
1233 2196 1417 2230 huiusmodi
1435 2207 1538 2230 causa
1550 2201 1661 2230 trans-

221 2244 322 2287 fugit.
370 2254 440 2276 cum
468 2250 566 2287 pater
595 2243 680 2284 eim,
705 2242 762 2287 qui
789 2254 847 2275 rex
871 2243 1049 2276 Persarum
1076 2248 1166 2283 erat,
1188 2242 1273 2276 diem
1294 2253 1388 2275 suum
1409 2241 1552 2274 natalem
1566 2252 1660 2275 more

221 2288 358 2322 Persico
374 2289 577 2328 celebraret,
601 2287 796 2320 Hormisdes
810 2286 934 2330 regiam
954 2287 1122 2331 ingressus
1138 2292 1210 2331 est,
1233 2298 1353 2331 magna
1367 2297 1478 2320 secum
1493 2286 1593 2320 allata
1606 2286 1660 2320 fe—

219 2333 314 2367 rinae
339 2333 447 2378 copia.
494 2344 565 2366 cum
591 2332 723 2366 invitati
746 2332 788 2365 ad
813 2333 1002 2366 convivium
1025 2333 1114 2366 nullo
1141 2345 1215 2366 eum
1238 2333 1366 2366 honore
1387 2331 1516 2375 dignati
1533 2334 1658 2374 essent,

217 2391 279 2412 nec
296 2379 344 2412 uti
359 2379 519 2412 decuerat
534 2378 793 2411 assurrexissent
803 2403 812 2420 ‚
836 2377 1027 2421 indignatus
1044 2378 1092 2412 eis
1111 2389 1148 2411 se
1162 2379 1324 2422 Marsyae
1338 2381 1477 2410 mortem
1490 2376 1659 2410 illamrum

216 2425 358 2458 minatus
374 2428 437 2458 est.
484 2434 553 2457 eam
573 2423 754 2456 orationem
771 2423 956 2466 complures
972 2427 1010 2456 ut
1024 2423 1232 2467 peregrinam
1247 2435 1314 2456 non
1326 2421 1573 2465 intelligebant:
1595 2421 1659 2456 sed

215 2470 323 2503 Persa
347 2470 496 2514 quidam,
544 2468 577 2501 ui
591 2468 735 2501 vixisset
748 2467 779 2499 in
798 2467 945 2511 Phrygia
963 2474 998 2501 et
1013 2469 1235 2502 narrationem
1249 2468 1291 2502 de
1307 2468 1448 2511 Marsya
1463 2466 1657 2509 audivisset,

213 2515 373 2548 minarum
391 2514 523 2548 Hor-mis
549 2525 590 2547 ae
603 2512 802 2546 sententiam
817 2513 1036 2546 assidentibus
1053 2515 1255 2558 exponebat.
1300 2513 1350 2546 illi
1371 2511 1527 2545 memoria
1546 2511 1653 2545 mina-

215 2570 287 2593 rum
315 2560 383 2593 suis
409 2560 523 2594 animis
548 2558 728 2602 inscripta,
752 2569 849 2601 quam
875 2558 1013 2602 primum
1036 2565 1166 2603 patrem
1185 2558 1386 2592 Hormisdae
1401 2556 1484 2590 mori
1499 2556 1654 2600 contigit,

215 2616 328 2638 earum
353 2605 522 2638 recordati
549 2605 686 2638 fratrem
709 2602 815 2647 ipsius
834 2610 914 2636 natu
932 2603 1086 2637 minorem
1103 2615 1207 2647 regno
1226 2603 1444 2647 praeficiunt,
1467 2611 1656 2646 quanquam

215 2650 268 2683 lex
296 2650 411 2683 maiori
436 2655 517 2684 natu
545 2649 633 2682 inter
654 2647 766 2691 regios
789 2647 914 2682 liberos
933 2659 1042 2681 rerum
1067 2658 1223 2682 summam
1237 2649 1420 2683 tribueret,
1444 2646 1655 2680 Hormisdam

213 2706 294 2728 vero
308 2695 522 2740 compedibus
533 2694 677 2728 vinctum
691 2693 725 2726 in
740 2692 803 2726 sito
820 2693 963 2738 quodam
978 2698 1056 2726 ante
1067 2695 1182 2727 urbem
1193 2693 1279 2726 colle
1290 2690 1482 2725 custodiunt
1519 2697 1656 2736 postea-

213 2751 311 2785 quam
336 2740 458 2785 aliquid
483 2739 640 2786 temporis
658 2739 924 2782 intercessisset,
948 2748 1033 2773 uxor
1053 2738 1125 2773 eius
1146 2739 1211 2773 hoc
1231 2735 1330 2773 modo
1355 2735 1488 2770 molitur
1515 2742 1552 2771 ut
1573 2747 1655 2771 eva-
