1774 3002
244 62 308 109 26
867 63 1061 107 ZOSIMI

243 174 327 218 κατ’
354 176 532 226 ἐξουσίαν
553 171 738 231 ἀπάγειν,
768 169 824 217 ῶν
842 175 879 217 οἶ
903 176 1059 225 πλείους
1076 175 1118 217 ἔκ
1135 178 1206 230 τῆς
1223 175 1265 217 ἔν
1285 173 1427 236 Θρᾴκῃ
1454 178 1676 218 Φιλιππου-

243 242 392 293 πόλεως
409 242 581 298 ἁλούσης
604 242 740 297 ἔτυχον
763 243 999 298 εἰλημμένοι.

376 312 453 355 25.
523 315 664 353 Ταῦτα
685 306 755 352 οὖν
774 310 898 360 οὕτως
915 309 936 351 ὃ
956 309 1112 359 Γάλλος
1136 308 1338 366 διῳκηκὼς
1359 312 1414 359 εἷς
1435 309 1506 364 τὴν
1521 306 1676 362 Ῥώμην

241 379 426 435 ἀφίκετο,
455 379 554 434 μέγα
576 383 733 436 φρονῶν
753 380 815 420 ἐπὶ
841 380 998 435 τεθείσῃ
1019 377 1119 434 πρὸς
1142 377 1236 427 τοὺς
1265 375 1500 434 βαρβάρους
1528 375 1674 432 εἰρήνῃ.

242 448 308 487 καὶ
336 446 407 500 τὴν
426 447 498 500 μὲν
529 446 657 503 ἀρχὴν
679 445 866 503 εὐφήμως
892 450 964 500 τῆς
981 437 1126 488 Δεκίου
1148 446 1352 498 βασιλείας
1370 445 1574 498 ἐμέμνητο,
1609 446 1706 489 καὶ5

240 514 309 556 τὸν
333 513 388 555 ἔτι
411 511 594 569 περιόντα
618 519 697 556 τῶν
725 515 850 556 αὐτοῦ
878 516 1029 556 παίδων
1061 515 1246 556 ἐποιεῖτο·
1275 511 1423 568 χρόνου
1453 513 1496 554 δὲ
1517 509 1675 567 προϊόν-

239 598 308 630 τος
338 584 393 631 εἷς
420 583 508 632 δέος
535 581 736 631 καταστὰς
764 580 821 636 μή
849 583 944 624 ποτέ
972 599 1071 631 τινες
1098 586 1176 622 τῶν
1197 583 1252 630 εἰς
1276 580 1327 622 τὰ
1344 578 1559 636 πράγματα
1578 595 1675 620 νεω-

238 650 397 705 τερίζειν
441 648 642 691 εἰωθότων
685 652 739 698 εἷς
771 648 931 703 μνήμην
973 654 1052 692 τῶν
1085 649 1231 690 Δεκίου
1266 651 1484 701 βασιλικῶν
1526 646 1676 702 ἀρετῶν

240 717 518 773 ἄνατρὲχοντες
548 721 606 774 τῷ
632 716 774 760 τούτου
804 719 915 759 παιδὶ
949 717 1020 772 τὴν
1045 721 1123 758 τῶν
1155 715 1258 758 ὅλων
1288 715 1415 772 ἀρχὴν
1446 716 1674 770 παραδοῖεν,

239 782 482 837 ἐπιβουλεύει
511 783 690 826 θάνατον
715 785 824 842 αὐτῷ
836 817 849 836 ,
883 784 972 827 οὔτε
1003 789 1074 838 τῆς
1103 782 1297 838 ποιήσεως
1330 783 1418 825 οὕτε
1441 787 1514 824 τοῦ
1546 785 1676 830 καλῶς
1688 790 1730 823 1ο

241 850 398 904 ἔχοντος
423 850 545 908 λόγον
562 852 650 894 τινὰ
671 851 947 906 ποιησάμενος.
1015 851 1119 907 (26)
1154 853 1325 905 ἐκμελῶς
1349 851 1391 892 δὲ
1420 854 1492 892 τοῦ
1516 848 1676 890 Γάλλου

239 919 313 972 τὴν
332 920 458 975 ἀρχὴν
474 921 862 976 μεταχειριζομένου,
895 918 1054 962 ,Σκύθαι
1075 923 1232 976 πρῶτον
1253 919 1325 972 μὲν
1350 918 1400 960 τὰ
1422 915 1677 972 πλησιόχωρα

240 988 355 1043 σφίσι
382 986 669 1043 συνετάραττον
689 987 787 1042 ἔθνη
798 1020 809 1038 ,
842 986 1044 1044 προϊόντες
1063 988 1106 1029 δὲ
1130 985 1212 1044 ὁδῷ
1233 988 1299 1028 καὶ
1319 986 1369 1028 τὰ
1386 986 1501 1041 μέχρι
1518 982 1677 1026 &amc-s

242 1071 314 1108 της
352 1055 475 1109 αὐτῆς
512 1058 707 1110 ἐληΐζοντο
718 1087 730 1106 ,
770 1055 869 1098 ὥστε
908 1056 1010 1109 μηδὲ
1042 1052 1085 1096 (ἓν
1112 1053 1230 1104 ἔθνος
1257 1052 1476 1108 ςΡωμαίοις
1502 1050 1678 1105 ὑπήκοον

240 1120 476 1177 ἀπόρθητον
511 1121 588 1164 ὕπὸ
624 1122 773 1166 τούτων
817 1126 1156 1179 καταλειφθῆναι,
1209 1126 1342 1163 πᾶσαν
1382 1121 1425 1162 δὲ
1463 1117 1518 1169 ὡς
1559 1121 1677 1161 εἰπεῖν
1689 1124 1730 1160 15

243 1189 461 1243 ἀτείχιστον
481 1189 594 1232 πόλιν
615 1193 682 1233 καὶ
700 1196 779 1234 τῶν
795 1186 1064 1247 ὥχυρωμένων
1086 1191 1227 1242 τείχεσι
1249 1189 1321 1238 τὰς
1341 1189 1497 1237 πλείους
1515 1185 1678 1229 ἁλῶναι.

238 1257 315 1310 οὐχ
340 1252 457 1311 ἧττον
489 1259 531 1300 δὲ
553 1262 626 1300 τοῦ
649 1257 901 1311 πανταχόθεν
924 1259 1199 1313 ἐπιβρίσαντος
1220 1256 1393 1308 πολέμου
1413 1257 1478 1296 καὶ
1501 1253 1522 1296 ὅ
1542 1253 1678 1306 λοιμὸς

239 1323 380 1366 πόλεσί
402 1343 442 1367 τε
472 1328 537 1367 καὶ
566 1324 719 1379 κώμαις
745 1324 1023 1381 ἐπιγενόμενος,
1051 1325 1092 1366 εἴ
1109 1342 1147 1366 τι
1172 1323 1420 1376 λελειμμένον
1443 1317 1492 1376 ἦν
1514 1320 1678 1378 ἀνθρώ-

239 1408 348 1433 πειον
374 1393 503 1448 γένος,
532 1394 776 1450 διέφθειρεν,
811 1392 921 1435 οὔπω
945 1390 1134 1448 πρότερον
1154 1392 1195 1432 ἓν
1213 1397 1295 1441 τοῖς
1316 1388 1503 1447 φθάσασι
1518 1387 1679 1445 χρόνοις

236 1458 433 1514 τοσαύτην
453 1459 678 1517 ἀνθρώπων
702 1459 899 1502 ἀπώλειαν
921 1458 1199 1516 ἐργασάμενος.
1687 1463 1733 1497 20

372 1528 451 1572 27.
490 1529 556 1569 Ἔν
569 1526 723 1578 τούτοις
735 1530 777 1570 δὲ
790 1532 867 1570 τῶν
887 1525 1132 1583 πραγμάτων
1148 1526 1283 1577 ὄντων,
1306 1526 1371 1567 καὶ
1385 1528 1463 1566 τῶν
1482 1521 1676 1579 κρατούν-

236 1610 315 1636 των
334 1595 521 1648 οὐδαμῶς
534 1597 626 1638 οἳίυν
639 1613 678 1638 τε
690 1595 813 1638 ὄντων
824 1595 970 1649 ἀμῦναι
983 1599 1040 1650 τῷ
1053 1592 1321 1647 πολιτεύματι,
1342 1591 1470 1634 πάντα
1491 1593 1533 1633 δὲ
1543 1591 1593 1632 vc}
1607 1594 1678 1644 τῆς

230 1659 394 1717 ςΡιόμης
411 1662 488 1714 ἔξω
516 1662 811 1720 περιορώντων,
839 1658 960 1713 αὖθις
982 1665 1021 1703 Γ
1018 1661 1133 1704 ότθοι
1153 1663 1217 1703 καὶ
1238 1662 1414 1718 Βορανοὶ
1438 1661 1502 1701 καὶ
1518 1659 1676 1715 Οὔρου-

329 1758 351 1792 6
373 1754 645 1792 ἐπαιδοποιεῖτο
659 1758 695 1792 in
713 1769 773 1792 ora
787 1757 830 1793 L.

237 1856 354 1890 passus
377 1849 447 1890 est3
471 1859 610 1894 quorum
633 1847 785 1894 plerique
810 1851 907 1894 capta
927 1847 1099 1883 Thraciae
1121 1845 1348 1892 Philippopoli
1368 1843 1510 1879 hostium
1532 1843 1568 1877 in
1582 1845 1679 1889 pote-

235 1896 355 1925 statem
370 1898 543 1928 venerant.
1662 1896 1664 1899 ’

328 1938 385 1972 25.
431 1940 492 1973 His
513 1938 613 1973 rebus
633 1939 669 1972 in
691 1939 778 1973 hunc
800 1939 928 1973 modum
943 1937 1048 1982 gestis
1063 1938 1200 1972 Romam
1216 1935 1336 1970 Gallus
1351 1934 1457 1975 venit,
1478 1943 1615 1977 magnos
1633 1932 1679 1965 ob

241 1983 452 2017 constitutam
479 1996 552 2018 cum
577 1984 728 2018 barbaris
752 1995 867 2028 pacem
894 1983 1031 2028 spiritus
1055 1993 1187 2026 gerens.
1235 1992 1275 2015 ac
1289 1980 1383 2014 initio
1398 1979 1532 2023 quidem
1550 1977 1681 2023 imperii

240 2027 376 2061 Deciani
390 2030 577 2063 memoriam
593 2040 667 2062 cum
682 2030 806 2062 honore
821 2039 861 2062 ac
876 2027 1108 2063 benevolentia
1122 2027 1317 2071 usurpabat,
1339 2029 1374 2059 et
1389 2025 1529 2058 alterum
1543 2034 1586 2057 ex
1600 2022 1679 2056 filiis

241 2072 313 2106 eius
339 2074 552 2117 superstitem
574 2074 771 2118 adoptabat:
804 2074 863 2107 sed
888 2084 1068 2119 progressu
1091 2071 1250 2117 temporis
1270 2069 1398 2104 veritus
1419 2081 1461 2102 ne
1486 2068 1545 2113 qui
1566 2079 1678 2102 rerum

240 2128 401 2151 novarum
424 2119 543 2152 studiis
568 2118 710 2159 assueti,
733 2119 900 2162 regiarum
925 2118 961 2151 in
979 2117 1083 2151 Decio
1107 2117 1268 2150 virtutum
1290 2114 1480 2149 memoriam
1502 2113 1678 2158 aliquando

238 2162 307 2196 suis
332 2174 406 2196 cum
429 2164 547 2198 animis
566 2168 757 2208 repetentes
772 2164 843 2197 eius
861 2163 929 2196 filio
945 2173 1101 2196 summam
1115 2173 1222 2195 rerum
1241 2160 1432 2201 traderent,
1454 2164 1592 2193 mortem
1615 2159 1677 2191 bo-

238 2207 317 2241 mini
345 2220 407 2253 per
438 2209 575 2245 insidias
604 2213 723 2253 parat,
758 2221 821 2242 nec
843 2208 1031 2252 adoptionis
1063 2208 1132 2241 ulla
1157 2218 1220 2240 nec
1238 2205 1370 2239 honesti
1393 2205 1524 2238 ratione
1550 2203 1678 2238 habita.

240 2254 317 2296 (26)
341 2264 416 2286 cum
430 2259 538 2287 autem
554 2254 763 2298 negligenter
776 2254 947 2299 imperium
965 2253 1084 2286 Gallus
1101 2252 1367 2291 administraret,
1388 2250 1526 2295 primum
1545 2248 1678 2293 quidem

240 2298 390 2342 Scythae
404 2299 582 2344 provinciis
595 2299 658 2332 sibi
672 2299 818 2333 finitimis
832 2300 948 2332 turbas
963 2298 1088 2331 dabant
1097 2324 1108 2340 ‚
1126 2297 1244 2331 deinde
1268 2295 1426 2339 paulatim
1453 2293 1621 2339 progressi
1635 2293 1680 2327 ad

240 2342 347 2387 ipsum
363 2355 468 2392 usque
486 2355 576 2378 mare
600 2345 666 2377 sita
685 2344 807 2389 rapinis
827 2344 1078 2386 exhauriebant,
1099 2344 1181 2377 adeo
1202 2341 1334 2386 quidem
1350 2345 1388 2374 ut
1401 2340 1491 2373 nulla
1506 2339 1680 2373 Romanae

240 2388 378 2422 dicionis
393 2401 476 2433 gens
492 2390 534 2423 ab
550 2389 597 2423 eis
613 2401 678 2423 non
692 2395 828 2423 vastata
843 2389 1015 2430 manserit,
1038 2388 1098 2421 sed
1115 2387 1223 2421 omnia
1235 2414 1244 2428 ,
1263 2397 1368 2431 prope
1383 2385 1533 2426 dixerim,
1555 2382 1680 2429 oppida

238 2433 397 2471 destituta
424 2435 614 2475 moenibus,
637 2439 674 2467 et
698 2434 814 2468 iisdem
842 2435 1039 2467 munitorum
1062 2443 1180 2477 magna
1199 2442 1297 2476 pars,
1321 2435 1422 2476 capta
1438 2430 1572 2463 fuerint.
1617 2439 1679 2461 nec

240 2478 347 2513 minus
363 2480 461 2521 bello,
483 2479 571 2524 quod
587 2480 735 2523 undique
752 2480 961 2513 scaturiendo
989 2479 1084 2512 velut
1104 2481 1297 2516 emerserat,
1318 2476 1390 2508 lues
1405 2475 1503 2508 etiam
1518 2473 1680 2519 pestilens

238 2523 271 2556 in
285 2525 415 2569 oppidis
433 2529 535 2570 atque
549 2524 634 2558 vicis
649 2525 828 2558 subsecuta
837 2551 846 2567 ,
870 2524 1026 2568 quicquid
1041 2528 1115 2558 erat
1130 2521 1264 2556 humani
1278 2519 1412 2564 generis
1426 2519 1600 2563 reliquum,
1614 2518 1678 2551 ab-

238 2570 399 2647 ειᾶιίῐᾶρείις
422 2582 463 2605 ac
480 2580 645 2615 nunquam
659 2581 739 2604 sane
752 2569 978 2615 superioribus
993 2581 1035 2604 ea
1060 2567 1200 2603 saeculis
1213 2571 1337 2600 tantam
1351 2564 1517 2599 hominum
1530 2568 1678 2607 stragem

238 2623 258 2645 e
317 2619 402 2648 erat.

330 2660 386 2695 27.
430 2661 508 2694 Hoc
528 2671 638 2695 rerum
660 2663 750 2693 statu
775 2670 848 2692 cum
863 2659 1081 2705 imperatores
1094 2670 1164 2693 rem
1178 2656 1340 2704 publicam
1355 2653 1445 2688 tueri
1461 2665 1527 2687 non
1541 2656 1680 2697 possent

241 2708 277 2738 et
292 2704 401 2739 omnia
416 2711 514 2741 extra
532 2707 671 2741 Romam
685 2705 797 2752 posita
811 2705 1024 2751 negligerent
1035 2730 1047 2750 ‚
1070 2714 1187 2740 rursus
1212 2701 1319 2736 Gothi
1340 2705 1377 2735 et
1389 2698 1514 2735 Borani
1535 2702 1572 2732 et
1585 2697 1679 2732 Uru-
