1812 3016
299 113 395 159 386
832 115 1191 158 REITEMEIERI

409 236 448 273 p.
472 225 550 264 190
569 236 608 260 v.
632 221 709 265 14.
756 220 804 260 de
822 224 997 260 Romano
1017 223 1094 260 late
1112 224 1376 262 Marcellinus.
1419 222 1512 262 vid.
1530 224 1678 262 Socrat.
1700 223 1727 264 5

301 280 372 326 16,
402 281 606 316 Sozomen.
631 282 657 320 7
690 278 762 326 15,
793 281 860 330 qui
893 280 1015 315 alium
1043 281 1263 317 Romanum
1290 287 1526 328 memorant,
1555 281 1726 332 Aegypti

301 337 504 382 comitem,
535 335 582 371 ab
603 333 677 372 hoc
698 334 907 371 diversum.
964 333 1044 371 vid.
1064 336 1296 386 Prosopogr.
1352 336 1495 373 Ritter.

409 390 462 427 ib.
491 404 528 428 v.
557 392 616 432 15.
673 391 927 427 rebellionem
950 391 1091 438 Firmi,
1120 392 1191 427 filii
1210 390 1413 429 cuiusdam
1430 393 1532 429 inter
1548 392 1725 429 nationes

299 447 490 484 Mauricas
510 447 634 496 reguli
652 448 934 496 potentissimi,
966 448 1033 497 qui
1057 459 1146 483 cum
1163 447 1293 485 fratris
1313 450 1500 484 Zammae
1519 460 1542 484 a
1562 461 1604 485 se
1623 448 1726 484 caesi

297 502 510 539 vindictam
528 515 549 539 a
566 504 742 539 Romano
764 504 902 539 comite
919 503 1090 549 timeret,
1121 501 1335 540 desciverat
1354 509 1393 540 et
1412 510 1548 553 gentes
1566 505 1726 540 Mauro-

298 571 383 595 rum
405 557 455 595 ad
476 572 535 595 res
557 559 814 595 concitaverat
841 571 982 606 novas,
1014 560 1240 608 compressit
1267 557 1516 596 Theodosius
1540 560 1726 608 magister

297 617 472 666 equitum
492 614 674 651 adversus
690 627 780 651 enm
796 616 950 651 missus.
1006 615 1238 651 Ammianus
1258 616 1311 654 29
1340 615 1366 656 5
1393 627 1527 665 regem
1545 627 1636 651 eum
1654 627 1726 664 ap-

297 672 438 721 pellat,
473 673 652 707 Zosimus
682 677 721 707 et
749 671 990 719 Augustinus
1016 670 1312 719 imperatorem3
1343 671 1386 706 in
1408 672 1538 708 numis
1558 671 1728 720 Augusti

296 728 456 764 nomine
477 725 696 762 exhibetur.
753 724 833 762 vid.
852 726 1029 762 Valesius
1048 724 1098 761 ad
1113 726 1310 762 Ammian.
1329 726 1359 762 l.
1381 738 1415 762 c.

408 781 460 817 i.l›
494 796 530 817 v.
559 784 625 821 21.
683 780 897 818 secundum
938 782 1192 818 Ammianum
1226 781 1311 831 (29
1342 779 1400 831 6)
1437 779 1728 817 Mareellinam

298 838 474 887 (Zosimi
501 835 714 886 Celestius)
755 843 883 872 castra
915 850 966 885 ρ]
967 836 1179 873 aesicliaria
1209 843 1318 872 tran-s·
1346 836 1492 873 Istrum
1520 836 1608 872 aed
1598 835 1728 883 ficare

296 895 447 938 iussus,
486 906 620 942 regem
651 891 875 938 Quadolum
903 891 945 928 id
973 891 1135 942 indigne
1163 893 1391 940 ferentium,
1431 890 1617 942 hospitali
1642 892 1726 928 iure

293 949 441 986 violato
455 977 464 995 ,
493 955 581 999 post
612 949 745 999 epulas
776 923 1082 998 digredientemO
1079 947 1283 984 occiderat.
1341 960 1387 985 ea
1404 946 1542 984 caedes
1561 946 1638 983 ad
1626 959 1726 984 iram

293 1005 479 1041 barbaros
503 1007 557 1041 ita
578 1006 722 1041 excivit
743 1011 786 1041 ut
802 1002 1035 1041 incursando
1057 1003 1154 1041 fines
1173 1006 1370 1042 Romanos
1385 1004 1464 1040 late
1481 1004 1611 1040 omnia
1630 1015 1726 1053 age-

292 1068 381 1098 rent
401 1061 560 1097 ferrent.

404 1129 443 1166 p.
467 1118 540 1156 191
563 1129 600 1152 v.
620 1116 659 1155 9.
716 1113 806 1151 vide
832 1114 1086 1151 Ammianum
1112 1116 1165 1155 29
1195 1116 1243 1162 6,
1274 1114 1342 1165 qui
1366 1111 1584 1151 Theodosii
1601 1113 1726 1151 virtu-

294 1179 353 1209 tes
374 1179 412 1208 et
430 1170 477 1207 de
498 1171 686 1208 Sarmatis
701 1171 836 1207 liberis
855 1171 1034 1207 victorias
1052 1176 1182 1220 partas
1201 1169 1336 1207 laudat
1355 1176 1394 1206 et
1411 1170 1597 1220 explicat.

404 1226 457 1263 ih.
481 1240 518 1263 v.
543 1226 605 1266 14.
664 1239 753 1263 cum
770 1227 965 1263 Macriano
984 1227 1291 1263 Alemannorum
1307 1238 1399 1276 rege
1415 1225 1724 1271 Valentinianus,

292 1282 363 1334 qui
394 1283 679 1318 Germanorum
708 1282 804 1319 fines
833 1294 950 1331 saepe
977 1280 1202 1332 populando
1232 1283 1430 1332 ingressus
1456 1287 1559 1330 erat,
1587 1292 1726 1331 pacem

292 1338 495 1375 conclusit.
552 1338 750 1374 Ammiau.
780 1340 833 1377 30
863 1340 908 1384 2,
937 1339 990 1376 29
1020 1340 1061 1376 4.

404 1392 457 1428 ib.
490 1406 528 1429 v.
561 1395 622 1432 15.
681 1390 953 1443 persequendo
984 1390 1088 1429 hosti
1125 1390 1220 1428 dum
1250 1393 1334 1442 ipse
1357 1391 1588 1442 imperator,
1625 1392 1724 1428 Istro

292 1450 545 1495 transmisso,
574 1449 762 1494 instabat,
792 1446 1071 1484 Merobaudem
1100 1460 1188 1483 cum
1219 1448 1362 1497 copiis,
1399 1448 1542 1498 quibus
1567 1447 1725 1497 praefe-

293 1511 377 1541 ctus
397 1510 496 1551 erat,
525 1510 721 1541 vastatum
737 1501 909 1540 hostium
930 1515 1042 1552 agros
1060 1504 1180 1539 misit.
1237 1504 1435 1539 Ammiau.
1461 1505 1515 1542 30
1546 1503 1586 1542 5.

404 1558 458 1595 ib.
489 1573 527 1595 v.
557 1562 622 1600 19.
678 1560 799 1608 legati
835 1557 1078 1606 Quadorum,
1120 1559 1163 1594 in
1197 1558 1366 1595 latrones
1393 1558 1441 1595 ab
1472 1557 1724 1608 optimatibus

291 1615 419 1665 gentis
456 1614 636 1664 populati
669 1615 781 1664 culpa
811 1615 894 1663 agri
911 1627 1056 1668 <versa,
1100 1612 1149 1650 de
1181 1614 1350 1651 castellis
1380 1626 1480 1666 quae
1511 1614 1553 1649 in
1582 1613 1724 1650 finibus

289 1670 517 1718 Quadorum
536 1671 704 1707 Romani
721 1675 996 1706 exstruxerant
1015 1670 1363 1721 conquerebantur.
1419 1670 1618 1706 Ammian.
1638 1669 1667 1706 l.
1687 1681 1724 1705 c.

400 1725 454 1762 ib.
478 1739 516 1762 v.
536 1726 603 1765 21.
660 1724 740 1763 vid.
759 1726 957 1762 Ammian.
977 1727 1031 1765 30
1060 1726 1099 1764 6.

401 1795 440 1832 p.
463 1782 542 1821 192
558 1794 596 1817 v-
617 1779 656 1820 5.
715 1777 788 1821 ου’κ
813 1781 952 1821 αἴσιον.
1007 1779 1089 1818 vid.
1106 1780 1333 1817 Fabrottum
1350 1777 1451 1833 adl.
1473 1781 1495 1820 1
1517 1792 1551 1816 c.
1571 1776 1653 1816 Th.
1674 1776 1723 1815 de

289 1849 433 1888 pagan.
453 1843 490 1873 et
509 1835 686 1873 Gothofr.
744 1837 888 1873 Ritter.

400 1891 453 1928 ib.
479 1905 515 1928 v.
542 1894 603 1931 10.
662 1892 922 1944 ἴεροφαντεῖν.
978 1890 1059 1929 vid.
1085 1892 1241 1929 Comm.
1269 1888 1321 1926 ad
1351 1890 1381 1927 l.
1413 1887 1467 1930 14
1497 1879 1533 1927 c.
1561 1886 1642 1927 Th.
1673 1887 1724 1926 de
1784 1939 1785 1942 Ἴ
1810 1924 1812 1926 ,

287 1959 431 1998 pagan.
488 1948 630 1983 Ritter.

398 2015 438 2052 p.
460 2004 535 2041 193
556 2016 594 2039 v.
616 2003 655 2041 1.
710 2001 791 2038 vid.
814 2000 955 2039 Suidas
972 2000 1014 2038 h.
1032 2015 1070 2039 v.
1090 2004 1303 2039 recensens
1314 1998 1472 2049 Syriani
1487 1999 1652 2050 scripta,
1678 2000 1721 2036 in

289 2057 431 2110 quibus
452 2063 584 2094 tamen
611 2070 767 2094 carmen
787 2056 863 2094 hoc
883 2059 969 2094 loco
991 2063 1249 2094 memoratum
1266 2055 1470 2092 omittitur.

399 2111 453 2148 ib.
477 2125 515 2148 v.
537 2114 575 2152 8.
633 2112 864 2149 Merobaudi
892 2113 1061 2163 suspicio
1089 2119 1171 2149 erat
1197 2112 1280 2148 fore
1304 2116 1349 2146 ut
1371 2110 1596 2148 Gallicanus
1618 2122 1719 2162 quo-

287 2180 365 2220 que
383 2168 499 2205 miles
517 2167 636 2205 fidem
653 2174 835 2205 mutaret.
892 2169 943 2205 cf.
963 2169 1162 2205 Ammian.
1185 2169 1239 2208 30
1274 2167 1340 2206 10.

399 2222 452 2259 ib.
476 2236 514 2260 v.
532 2226 572 2263 9.
629 2226 806 2275 γαμετῆς.
863 2225 948 2261 scil.
977 2225 1179 2268 Iustinae,
1219 2233 1320 2272 quae
1347 2220 1560 2258 centesimo
1584 2218 1719 2303 lapide

287 2279 336 2316 ab
353 2279 526 2316 exercitu
543 2281 584 2316 in
601 2280 696 2316 villa
714 2292 803 2315 cum
819 2279 900 2316 filio
918 2278 1097 2330 degebat.
1152 2276 1351 2315 Ammian.

397 2333 450 2371 ib.
474 2347 513 2370 v.
537 2337 600 2375 12.
658 2334 913 2381 Quadrimum
941 2349 1034 2373 eum
1058 2334 1289 2372 Ammianus
1325 2331 1408 2383 (30
1437 2333 1490 2372 10
1515 2331 1573 2368 ibi
1599 2331 1719 2370 Vale-

285 2388 392 2440 sius)
423 2389 537 2426 dixit.

396 2444 449 2481 ib.
471 2459 510 2482 v.
528 2446 594 2485 13.
618 2462 623 2466 ⁴
652 2444 703 2480 cf.
730 2445 931 2494 Euuapius
958 2445 999 2482 in
1025 2448 1125 2482 Exc.
1145 2442 1193 2481 de
1209 2443 1346 2492 Legat.
1366 2453 1407 2491 p.
1430 2442 1480 2481 19
1499 2454 1534 2478 c.
1591 2437 1640 2476 de
1669 2453 1717 2477 ea

285 2500 397 2550 regni
422 2502 524 2538 inter
550 2500 864 2539 Valentinianum
891 2507 928 2537 et
953 2502 1182 2538 Gratianum
1210 2499 1314 2535 facta
1347 2495 1605 2546 descriptione
1632 2495 1716 2534 vid.

283 2557 514 2594 Tillemont.
536 2563 565 2593 t.
586 2556 611 2596 5
630 2569 670 2606 p.
688 2558 769 2596 707
789 2561 870 2591 not.
892 2558 932 2596 3.

394 2610 447 2647 ib.
470 2625 507 2649 v.
532 2613 598 2652 18.
654 2612 778 2648 Roma
803 2623 893 2646 cum
916 2609 1079 2647 Africa·
1068 2622 1111 2646 ιιι
1132 2620 1336 2646 commune
1355 2605 1574 2644 tenebatur.
1630 2604 1713 2642 vid.

278 2666 432 2756 gotum.
458 2666 559 2704 adl.
591 2667 642 2706 11
675 2665 725 2704 de
750 2666 901 2703 lusu-al.
930 2665 1060 2702 collat.
1083 2666 1126 2702 in
1149 2665 1178 2702 f.
1201 2670 1240 2702 et
1263 2664 1414 2705 Comm.
1436 2663 1466 2700 l.
1485 2663 1511 2702 6
1530 2660 1579 2698 de
1598 2662 1711 2699 sicar.

323 2728 422 2758 cller.
