1812 3016
349 688 1250 748 1.F.RE1TEME1ER1

82 853 875 931 COMMENTARIUS
920 850 1520 925 HISTORICUS

178 1039 324 1090 CUM
358 1036 414 1088 C.
449 1038 507 1088 G.
541 1034 776 1086 HEYNII
808 1032 1427 1086 ANNOTATIONIBUS.

413 1341 765 1381 monnone
802 1340 900 1393 (ub.
922 1343 944 1382 1
969 1354 1006 1379 ο.
1030 1342 1118 1382 1-
1128 1339 1198 1392 5).

90 1438 333 1506 Exordium
351 1462 536 1503 historiae
556 1478 663 1514 suae,
691 1464 809 1518 paulo
829 1465 945 1503 altius
963 1477 1034 1516 pro
1055 1464 1223 1502 instituti
1243 1463 1394 1502 ratione
1413 1476 1529 1529 repe-

91 1525 225 1570 titum,
263 1523 298 1559 si
321 1521 483 1574 quidem
505 1525 725 1573 potentiae,
764 1534 842 1573 qua
858 1523 1025 1560 Romani
1046 1521 1270 1573 pollebant,
1309 1533 1390 1557 non
1409 1520 1530 1570 origi·

90 1591 183 1616 nem
201 1576 272 1615 sed
287 1591 468 1615 occasum
488 1579 756 1629 explicaturus
775 1585 870 1626 erat,
900 1579 1082 1614 Zosimus
1100 1579 1203 1627 capit
1224 1577 1272 1613 ab
1295 1550 1531 1626 exponenoda

91 1636 330 1686 principatus
356 1636 458 1671 inter
482 1641 618 1684 gentes
650 1636 823 1684 priores,
861 1635 1001 1670 Persas
1022 1634 1190 1669 Graecos
1220 1639 1258 1668 et
1281 1631 1529 1678 Macedones,

95 1689 381 1737 vicissitudine,
419 1697 630 1740 antequam
650 1701 805 1726 summa
833 1701 964 1726 rerum
987 1688 1040 1724 ab
1067 1689 1144 1724 alia
1172 1701 1223 1724 ex
1244 1688 1321 1724 alia
1344 1694 1460 1738 gente
1480 1659 1532 1723 ad

94 1748 291 1783 Romanos
317 1745 466 1795 perlata
494 1751 608 1781 esset.
666 1757 767 1795 quae
800 1744 960 1795 quidem
992 1757 1053 1780 res
1080 1745 1260 1794 quamvis
1291 1745 1333 1780 iu
1360 1743 1531 1795 Polybii,

96 1803 206 1839 cuius
237 1813 290 1838 ex
315 1802 532 1837 imitatione
559 1801 766 1837 manifeste
791 1807 880 1836 sunt
902 1798 1175 1847 adumbratae,
1204 1801 1331 1849 magis
1351 1811 1470 1850 quam
1489 1800 1532 1834 in

95 1856 199 1895 hanc
215 1855 418 1894 historiam
433 1855 571 1892 cadere
589 1855 807 1904 videantur,
837 1862 1002 1907 possunt
1019 1861 1153 1893 tamen
1170 1855 1358 1893 brevitate
1385 1861 1424 1891 et
1440 1866 1532 1905 gra-

97 1915 216 1951 vitate
236 1925 278 1950 se
297 1910 571 1949 commendare
593 1924 678 1949 sua.

205 1981 249 2019 p.
267 1971 294 2009 7
313 1980 352 2005 v.
370 1967 411 2010 4·
468 1966 685 2016 ἑξακοσίοις
703 1965 814 2006 ἔτεσι.
869 1966 1056 2018 quoniam
1078 1964 1257 2003 medinm
1274 1966 1377 2003 inter
1394 1965 1532 2002 urbem

98 2023 296 2062 conditam
322 2031 362 2061 et
386 2024 631 2061 Cannensem
660 2022 813 2060 cladem
839 2024 1032 2073 spatium,
1077 2035 1130 2059 ex
1158 2028 1339 2073 computo
1362 2022 1531 2073 Polybii,

98 2079 181 2123 534
210 2093 402 2118 annorum
427 2093 636 2117 numerum
665 2080 821 2130 explet,
862 2079 1089 2116 casaubono
1117 2078 1187 2131 (ad
1213 2078 1354 2131 Polyb.
1384 2081 1404 2118 1
1432 2091 1465 2115 c.
1490 2080 1532 2128 1)

99 2135 301 2173 emendari
317 2137 589 2183 πεντακοσίοις
609 2135 800 2187 placebat.
860 2148 938 2187 qua
955 2142 1087 2171 tamen
1108 2133 1400 2181 emendatione,
1441 2146 1531 2170 cum

100 2194 304 2244 quingenti
324 2194 416 2229 anni
433 2205 514 2230 non
530 2194 656 2243 magis
679 2203 799 2243 quam
818 2193 994 2230 sexcenti
1012 2204 1175 2229 numero
1192 2190 1349 2242 Polybii
1366 2202 1531 2240 respon-

102 2247 240 2296 deant,
278 2249 394 2285 facile
413 2249 652 2295 carebimu83
691 2260 820 2299 neque
835 2248 960 2286 voluit
976 2248 1158 2286 Zosimus
1174 2258 1384 2284 numerum
1405 2246 1532 2293 aliter,

101 2311 146 2342 ut
161 2303 326 2354 videtur,
355 2317 475 2356 quam
492 2304 657 2342 rotunde
676 2317 834 2356 ponere.

215 2359 270 2398 ib
302 2373 343 2397 V·
371 2363 411 2401 9.
468 2357 561 2401 ουδὲ
589 2357 694 2407 ’ὅλοις
721 2358 823 2412 τρισὶ
848 2357 917 2398 καὶ
944 2355 1202 2411 πεντήκοντα.
1258 2362 1413 2406 sumpta
1444 2360 1534 2392 sunt

102 2413 202 2453 haec
224 2429 276 2453 ex
292 2417 479 2468 Polybio,
519 2418 588 2468 qui
602 2418 714 2454 initio
734 2416 831 2453 belli
846 2416 986 2452 Punici
1001 2414 1163 2453 secundi
1183 2421 1221 2451 et
1236 2420 1347 2463 parta
1366 2410 1415 2447 de
1436 2412 1535 2447 Per-

103 2484 172 2509 seo
181 2471 441 2509 Macedonum
458 2485 550 2523 rege
566 2474 730 2510 victoria
746 2479 934 2524 tanquam
949 2473 1126 2509 terminis
1142 2470 1299 2507 inclusit
1314 2466 1416 2504 illud
1431 2473 1536 2503 tem-

101 2540 178 2579 pus
199 2524 362 2579 (χρόνον
382 2543 816 2580 πεντηκοντακαιτριετη
834 2528 974 2579 Polyb.
997 2530 1021 2568 3
1049 2526 1108 2578 4),
1139 2539 1216 2579 quo
1235 2524 1404 2561 Romani
1425 2535 1537 2560 sum-

105 2595 172 2619 ma
197 2597 327 2621 rerum
350 2586 453 2622 inter
475 2592 611 2635 gentes
637 2586 754 2652 potiti
777 2591 881 2622 sunt.
935 2584 1077 2635 Polyb.
1108 2585 1128 2622 1
1164 2587 1210 2622 1·
1238 2580 1299 2627 τίς
1315 2576 1391 2631 yde
1412 2576 1539 2625 οὕτως

105 2635 271 2691 ὖπᾶρχει
289 2638 489 2691 mailoc*
459 2657 486 2692 η
508 2637 696 2695 ῥᾴθυμος
718 2636 961 2693 α’νθρωπων,
993 2637 1038 2685 ὃς
1060 2652 1135 2677 ουκ
1157 2651 1209 2676 αν
1228 2632 1410 2686 βούλοιτο
1429 2636 1539 2702 γνοῖ-

106 2707 176 2733 ’ναι
201 2698 287 2742 πῶς
314 2711 382 2736 και
407 2697 487 2736 τίνι
513 2696 638 2763 γένει
646 2698 843 2743 πολιτείας
870 2694 1115 2746 κρατηθέντα
1145 2689 1281 2743 σχεδόν
1307 2706 1463 2730 απαντα
1488 2686 1539 2729 τοὶ

106 2747 205 2790 κατα
231 2766 306 2803 την
325 2751 561 2805 οἰκουμένην
587 2767 660 2805 ουχ
687 2748 796 2800 ολοις
822 2748 1066 2803 πεντήκοντα
1085 2748 1152 2789 καὶ
1169 2746 1297 2802 τρισιν
1314 2746 1438 2787 ἔτεσιν
1456 2741 1538 2786 ὕπο
