1812 3016
276 99 369 147 148
901 99 1098 142 ZOSIMI

274 217 497 269 συμμιξας,
531 210 639 269 ἐπῄει
667 211 771 254 κατὰ
799 210 926 255 νώτου
958 218 1043 262 τοῖς
1063 211 1264 270 πολεμίοις
1289 208 1612 268 ἀπροσδοκήτως.
1679 211 1719 253 οἱ

277 283 318 325 δ’
345 280 614 338 ἀπαράσκευοι
647 279 747 337 πρὸς
775 285 893 322 τοῦτο
924 280 1146 337 ληφθέντες
1168 277 1380 322 ἓκτείνοντό
1401 296 1442 322 τε
1465 281 1532 321 καὶ
1551 277 1718 335 ἔφευγον

274 349 352 407 ὅπῃ
369 350 560 406 παρείκοι.
601 349 667 390 καὶ
692 346 713 389 ὁ
734 346 937 401 βασιλεύς,
956 346 1146 403 ἐκβάντος
1169 347 1279 404 αὐτῷ
1300 349 1356 397 εἷς
1371 346 1484 404 ἔργον
1501 350 1574 389 τοῦ
1592 363 1718 404 στρα-

273 417 523 474 τηγήματος,
566 417 796 472 ἐπεραιοῦτο
829 416 901 471 τὴν
932 415 1112 473 διώρυχα
1145 413 1368 464 κωλύοντος
1400 412 1573 464 οὐδενός.
1649 414 1719 456 καὶ

274 486 348 541 τὴν
374 486 447 539 μὲν
473 486 596 526 ἵππον
621 490 703 534 τοῖς
735 488 1011 540 παρατυχοῦσι
1045 485 1210 534 πλοίοις,
1245 482 1318 537 τὴν
1346 483 1390 524 δὲ
1415 481 1534 537 πεζὴν
1563 483 1750 533 ναυσίν,5

275 553 325 603 ἃς
343 555 384 595 ἐν
413 556 575 601 πολλοῖς
599 552 736 608 μέρεσι
760 556 830 606 τῆς
863 551 1059 608 διώρυχος
1084 545 1194 607 εὗρε,
1229 548 1478 604 διαβιβάσας
1503 549 1626 604 εἷ’χετο
1647 553 1720 604 τῆς

274 622 338 663 ἐπὶ
359 621 405 663 τὸ
426 619 564 676 πρόσω
585 621 759 676 πορείας,
794 620 981 672 πολέμιον
999 620 1095 668 τέως
1114 618 1229 660 οὐδὲν
1243 616 1518 674 ὑφορώμενος.

404 687 562 729 Ἐλθὼν
594 688 638 729 δὲ
669 689 725 736 εἷς
749 685 862 729 πόλιν
893 682 920 743 ᾗ
942 690 1204 743 Βηρσαβῶρα
1231 681 1281 740 ἦν
1301 685 1450 740 ὄνομα,
1483 685 1530 727 τὸ
1546 684 1719 740 μέγεθος

275 753 430 798 ἐσκόπει
452 760 524 810 τῆς
543 753 694 804 πόλεως
713 756 779 796 καὶ
801 755 846 796 τὸ
867 759 939 809 τῆς
956 756 1108 804 θέσεως
1127 752 1286 811 ὀχυρόν.
1364 752 1436 795 δύο
1460 754 1533 807 μὲν
1548 753 1625 809 γὰρ
1645 770 1718 794 κυ-

276 823 475 878 κλοτερέσι
504 824 751 877 περιείληπτο
779 823 964 876 τείχεσιν,
1000 821 1215 878 ἀκρόπολις
1247 821 1289 863 δ’
1318 815 1368 876 ἦν
1397 823 1439 863 ἐν
1456 821 1567 878 μέσῳ
1590 826 1719 874 τεῖχος
1731 825 1774 861 10

273 891 422 944 ἔχουσα
438 891 504 930 καὶ
526 887 626 942 αὐτή
637 919 648 938 ,
683 887 862 941 τμήματι
892 886 1038 929 κύκλου
1057 887 1205 943 τρόπον
1222 888 1312 930 τινὰ
1328 890 1499 946 ἐμφερές
1510 919 1524 940 ,
1552 887 1654 944 πρὸς
1668 886 1719 942 ἢν

273 957 368 1007 ὁδός
397 974 458 1006 τις
487 950 536 1010 ἦν
564 955 643 997 ἀπὸ
680 959 752 997 τοῦ
787 955 992 1011 ἐνδοτέρου
1026 959 1099 1008 τῆς
1127 953 1280 1004 πόλεως
1302 957 1468 1009 τείχους,
1497 955 1591 998 οὐδὲ
1616 955 1718 1009 αὐτὴ

272 1027 415 1084 ῥᾳδίαν
443 1018 590 1078 ἔχουσα
615 1022 687 1077 τὴν
718 1021 928 1076 ἀνάβασιν.
994 1023 1061 1064 καὶ
1091 1021 1142 1064 τὰ
1174 1023 1247 1076 μὲν
1263 1023 1363 1079 πρὸς
1379 1023 1536 1077 δυσμὰς
1552 1027 1626 1078 τῆς
1642 1020 1719 1064 πό-

273 1098 373 1143 λεως
392 1095 458 1134 καὶ
481 1091 735 1147 μεσημβρίαν
757 1087 972 1147 περιφερής
990 1107 1050 1140 τις
1070 1091 1137 1131 καὶ
1159 1090 1300 1132 σκολιὰ
1319 1091 1494 1140 διέξοδος
1513 1089 1590 1144 εἶχε
1602 1122 1615 1142 ,
1645 1093 1720 1132 τοῦ

273 1163 318 1203 δὲ
343 1160 443 1217 πρὸς
469 1159 615 1216 ἄρκτον
643 1159 790 1215 μέρους
827 1155 1188 1214 παρασπασάμενοι
1215 1161 1288 1200 τοῦ
1321 1161 1508 1210 ποταμοῦ
1538 1156 1717 1214 διώρυχα
1729 1164 1772 1200 15

272 1233 462 1270 πλατεῖαν
485 1225 776 1283 προυβάλοντο,
812 1225 869 1267 δι’
899 1220 948 1280 ἧς
969 1227 1034 1267 καὶ
1055 1224 1165 1281 ὕδωρ
1187 1226 1243 1274 εἷς
1257 1229 1403 1280 χρῆσιν
1418 1229 1499 1266 τῶν
1520 1222 1719 1266 ἐνοικούν-

272 1313 352 1338 των
386 1296 590 1348 ὠχέτευον.
659 1293 708 1335 τὰ
742 1294 785 1334 δὲ
818 1292 918 1349 πρὸς
949 1293 1001 1334 ἕω
1034 1290 1179 1348 τάφρῳ
1206 1294 1359 1351 βαθείᾳ
1387 1294 1454 1334 καὶ
1477 1290 1630 1347 χάρακι
1649 1291 1718 1334 διὰ

273 1360 574 1419 σταυρωμάτων
603 1361 647 1402 ἐκ
679 1358 805 1411 ’ξύλων
839 1361 995 1416 ὀχυρῶν
1017 1360 1289 1413 ἔναπείληπτο.
1355 1357 1498 1415 πύργοι
1522 1360 1566 1401 δὲ
1585 1357 1719 1413 εἱστή-

272 1447 392 1473 κεσαν
413 1433 502 1485 περὶ
526 1428 597 1482 τὴν
619 1426 775 1484 τάφρον
797 1426 977 1483 μεγάλοι,
1011 1426 1062 1469 τὰ
1085 1428 1158 1480 μὲν
1182 1426 1260 1468 ἀπὸ
1283 1430 1357 1482 γῆς
1379 1427 1495 1483 μέχρι
1511 1427 1637 1480 μέσου
1656 1426 1714 1468 δι’

271 1499 396 1552 ὀπτῆς
415 1498 585 1538 πλίνθου
606 1497 814 1549 δεδεμένης
841 1493 1057 1554 ἀσφάλτῳ,
1092 1495 1144 1536 τὰ
1168 1495 1210 1536 δὲ
1233 1494 1336 1548 μετὰ
1356 1493 1402 1536 τὸ
1421 1495 1544 1548 μέσον
1558 1495 1772 1551 πλίνθῳξῦ

272 1583 314 1608 τε
340 1564 461 1624 ὁμοίᾳ
491 1565 559 1605 καὶ
590 1562 710 1620 γύψῳ
741 1564 1003 1616 δεδομημένα.
1073 1562 1195 1617 (18)
1226 1560 1377 1615 ταύτην
1405 1563 1614 1621 πολιορκίᾳ
1643 1562 1717 1616 τὴν

272 1631 389 1674 πόλιν
407 1631 426 1673 ὃ
445 1631 635 1685 βασιλεὺς
657 1629 756 1671 ἑλεῖν
773 1627 954 1684 ἐγνωκὼς
974 1629 1029 1677 εἷς
1046 1628 1092 1669 τὸ
1114 1627 1228 1684 ἔργον
1244 1627 1456 1688 παρεκάλει
1477 1629 1573 1679 τοὺς
1588 1646 1716 1685 στρα-

271 1699 429 1748 τιώτας.
496 1701 576 1740 nav
601 1699 644 1739 δὲ
674 1697 721 1739 τὸ
753 1697 925 1750 κέλευμα
951 1696 1024 1738 σὺν
1054 1694 1163 1752 πάσῃ
1194 1698 1404 1756 προθυμία
1427 1701 1604 1753 πληροῦν
1633 1695 1716 1753 ὥρ-

361 1817 385 1851 3
416 1813 574 1859 παρήκοι
595 1813 683 1849 libri.
865 1815 887 1848 8
910 1812 1080 1848 Ammiano
1104 1813 1314 1847 Pirisabora.
1358 1812 1449 1847 aliud
1472 1824 1591 1848 nomeu
1611 1813 1715 1849 affert

362 1861 570 1895 d'Anvillius
591 1873 626 1907 p.
650 1861 693 1895 71
717 1859 947 1895 Amatur-itis,
1086 1858 1128 1894 15
1152 1857 1380 1902 σπασάμενοι
1400 1859 1442 1893 Ρ.

271 1972 367 2004 vero,
391 1960 447 2004 qui
463 1964 498 1994 et
512 1960 592 1994 alias
608 1960 831 1994 obruerentur
846 1958 1024 2005 imparati,
1046 1959 1101 1993 vel
1117 1958 1431 1992 contrucidabantur
1445 1958 1500 1992 vel
1514 1943 1711 2004 quacunque

268 2008 386 2041 liceret
404 2006 630 2049 aufugiebant.
675 2005 868 2050 imperator,
893 2005 946 2038 cui
961 2004 1106 2038 feliciter
1122 2005 1184 2037 hoc
1197 2008 1412 2047 stratagema,
1434 2004 1564 2037 alveum
1581 2005 1712 2038 nemine

271 2050 470 2097 prohibente
484 2051 752 2090 transmittebat3
788 2054 823 2083 et
838 2050 987 2094 equitatu
1003 2049 1144 2093 navigiis
1158 2049 1275 2090 obviis,
1297 2048 1448 2093 peditatu
1464 2049 1606 2083 navibus
1623 2049 1711 2093 aliis,

215 2124 219 2129 ,
271 2108 357 2142 quas
373 2095 483 2129 multis
501 2094 534 2127 iu
554 2095 703 2139 partibus
718 2095 806 2128 alvei
820 2094 960 2139 reperit,
983 2098 1225 2139 transportato.

363 2140 457 2175 Nihil
478 2140 615 2184 amplius
641 2140 762 2174 hostile
786 2141 915 2173 veritus
931 2139 973 2172 ad
990 2140 1103 2173 urbem
1122 2138 1283 2178 accessit,
1319 2137 1373 2171 cui
1387 2138 1576 2173 Bersabora
1591 2150 1710 2173 nomen

275 2190 368 2227 erat;
387 2185 522 2229 eiusque
537 2191 604 2217 tum
621 2184 879 2228 magnitudinem
894 2189 963 2217 tum
979 2185 1062 2217 situs
1080 2182 1361 2229 opportunitatem
1377 2193 1417 2216 ac
1431 2183 1643 2218 munitionem
1658 2183 1710 2218 in-

272 2230 395 2285 spexit,
439 2241 513 2263 nam
529 2229 652 2273 duplici
670 2241 763 2263 muro
779 2230 813 2262 in
828 2230 943 2262 orbem
959 2229 1197 2272 claudebatur,
1234 2232 1270 2261 et
1289 2239 1350 2261 arx
1373 2229 1482 2261 medio
1508 2229 1628 2263 eratin
1645 2240 1710 2274 op·-

271 2276 352 2323 pido
363 2302 374 2317 ,
396 2286 489 2308 muro
507 2280 542 2308 et
557 2275 630 2327 ipsa
646 2275 770 2307 munita
782 2299 792 2315 ,
828 2279 998 2317 segmento
1017 2273 1128 2307 circuli
1144 2272 1283 2317 quodam
1298 2273 1393 2306 modo
1409 2273 1528 2314 simili3
1551 2274 1592 2308 ad
1609 2285 1708 2319 quam

271 2322 329 2355 via
343 2320 504 2365 quaedam
518 2320 560 2352 ab
575 2319 731 2352 interiore
746 2319 895 2352 civitatis
911 2330 1003 2352 muro
1019 2319 1179 2360 ducebat,
1214 2317 1306 2351 cuius
1331 2318 1419 2351 haud
1434 2319 1542 2353 facilis
1557 2324 1632 2354 erat
1645 2319 1709 2352 ad-

269 2376 418 2401 scensus,
464 2365 508 2398 ad
524 2364 764 2398 occidentalem
779 2363 891 2408 oppidi
907 2368 1036 2407 partem
1048 2388 1058 2404 ‚
1081 2374 1122 2396 ac
1137 2362 1303 2396 meridiem
1322 2374 1438 2396 versus
1451 2389 1463 2404 ‚
1485 2368 1657 2398 tortuosus
1672 2368 1708 2398 et

269 2412 426 2455 obliquus
441 2410 552 2443 exitus
567 2412 650 2442 erat.
694 2419 772 2453 pars
794 2408 1048 2452 septemtriones
1070 2412 1227 2452 spectans
1253 2408 1377 2440 munita
1402 2413 1476 2441 erat
1497 2409 1541 2442 ab
1566 2409 1614 2442 eis
1637 2408 1707 2442 lato

272 2456 414 2500 quodam
430 2455 528 2489 alveo
544 2452 686 2487 fluminis
696 2477 707 2494 ,
729 2464 770 2486 eo
785 2452 930 2486 deducto
943 2464 952 2494 ;
986 2464 1047 2497 per
1063 2463 1160 2497 quem
1176 2457 1211 2485 et
1225 2462 1344 2496 aquam
1359 2452 1402 2485 ad
1416 2464 1511 2486 usum
1525 2453 1708 2488 incolarum

271 2500 478 2534 derivabant.
525 2499 696 2533 Orientem
723 2508 841 2531 versus
867 2497 936 2530 alta
958 2498 1048 2531 fossa
1072 2502 1107 2531 et
1131 2507 1256 2540 aggere
1278 2497 1374 2541 lignis
1389 2497 1507 2531 validis
1521 2497 1707 2532 cancellato

272 2545 482 2589 cingebatur.
510 2549 647 2589 propter
661 2544 782 2577 fossam
802 2546 908 2575 turres
922 2552 1061 2585 magnae
1076 2542 1221 2584 stabant,
1244 2541 1287 2575 ad
1303 2542 1442 2575 medium
1457 2553 1562 2586 usque
1576 2553 1597 2575 a
1611 2547 1707 2577 terra

271 2591 315 2624 de
330 2590 503 2623 coctilibus
516 2588 706 2629 laterculis,
739 2586 897 2621 bitumine
911 2586 1146 2630 conglutinatis
1158 2610 1168 2629 ‚
1202 2597 1304 2630 supra
1327 2587 1467 2620 medium
1490 2587 1534 2620 de
1547 2587 1707 2621 similibus

271 2634 440 2668 laterculis
469 2640 505 2668 et
532 2645 642 2679 gypso
670 2632 866 2668 fabricatae.
928 2632 1026 2675 (18)
1063 2631 1147 2664 hanc
1175 2631 1291 2664 urbem
1322 2642 1395 2665 cum
1425 2641 1617 2676 expugnare
1644 2633 1707 2666 de·-

271 2680 450 2719 crevisset,
464 2679 663 2725 imperator,
713 2677 834 2721 milites
871 2674 916 2710 ad
952 2675 1191 2721 capessendum
1220 2686 1304 2720 opus
1333 2676 1583 2711 exhortabatur.
1642 2677 1708 2712 iuis

271 2735 346 2759 oum
384 2724 472 2760 omni
507 2723 682 2759 alacritate
710 2721 902 2770 progressis
912 2745 926 2766 ,
973 2726 1012 2756 ut
1043 2721 1206 2768 imperata
1235 2723 1385 2757 faoereut
1396 2745 1409 2766 ,
1456 2721 1549 2757 urbia
1579 2721 1708 2757 incolae
