1812 3016
249 92 342 139 162
877 87 1075 133 zosmss

247 209 327 250 τῶν
339 203 547 259 Ῥωμαίων
565 204 721 261 τροφῆς
739 199 888 261 ἀπορίᾳ
909 200 1092 253 πιέζοιτο,
1117 196 1341 252 συστάντας
1362 201 1407 243 δὲ
1428 197 1575 249 αὖτοὺς
1593 197 1696 241 κατὰ

250 273 423 323 πολλοὺς
442 271 586 327 λόχους
600 272 835 325 ἐκδέχεσθαι
854 268 1182 323 τοῦςῬωμαιόυς
1199 266 1255 319 ὡς
1274 268 1324 323 δὴ
1341 267 1400 324 μὴ
1418 266 1581 326 σφόδρα
1594 270 1697 308 πολ-

249 342 346 392 λοῦς
367 340 696 394 διανοουμένους,
723 337 812 381 τότε
840 337 890 392 δὴ
911 337 1230 392 συνειλεγμένους
1249 338 1305 387 εἰς
1322 335 1469 379 ταῦτὸν
1487 333 1697 388 θεασάμε-
1743 347 1747 350 ’

249 427 310 452 νοι
331 409 432 466 πρὸς
451 408 524 462 τὴν
547 407 676 461 ὄχθην
699 405 906 462 ἐχώρησαν
925 410 998 448 τοῦ
1020 409 1220 458 ποταμοῦ.
1285 408 1366 447 τῶν
1395 404 1440 446 δὲ
1467 401 1697 459 ἡγουμένων

249 482 321 520 τοῦ
341 481 516 532 στρατοῦ
535 473 798 518 κατασκόπων
814 476 869 524 εἷς
886 479 1024 529 χεῖρας
1043 471 1246 515 ἐλθόντων
1262 473 1388 530 μοίρᾳ
1405 473 1481 515 τινὶ
1497 473 1694 527 Περσικῇ,
1705 480 1728 516 5

249 542 503 598 Μακαμαῖός
515 561 576 593 τις
591 542 741 598 γυμνὸς
757 541 834 583 ὕπὸ
854 542 1086 597 προθυμίας
1104 539 1299 582 ἐπιπεσὼν
1315 540 1515 596 τέσσαρας
1530 538 1697 594 ἀναιρεῖ,

248 612 559 668 συστραφέντων
582 610 622 652 δ’
642 609 728 663 ἅμα
747 613 906 652 πολλῶν
924 607 990 651 ἐπ’
1012 608 1133 651 αὐτὸν
1150 605 1484 665 κατασφάττεται.
1518 609 1698 662 Μαῦρος

250 682 295 723 δὲ
321 679 497 736 ἀδελφὸς
519 677 574 720 ὢν
597 678 742 728 αὐτοῦ,
772 677 818 719 τὸ
842 681 960 730 σῶμα
979 677 1075 719 ι’δών
1096 676 1138 718 ἓν
1154 676 1292 729 μέσοις
1307 677 1484 730 κείμενον
1502 675 1698 730 Πέρσαις,

251 746 417 804 ἁρπάζει
439 746 537 788 αὐτὸ
564 747 630 787 καὶ
650 746 719 787 τὸν
738 749 896 800 πρῶτον
917 746 1118 787 παίσαντα
1143 745 1294 786 κτείνει.
1361 746 1428 786 καὶ
1457 741 1530 784 οὔκ
1558 742 1697 784 ἀπεῖπε

248 814 509 870 βαλλόμενος,
537 813 653 870 ἄχρις
673 811 738 855 ὅτε
762 813 831 855 τὸν
853 812 1030 869 ἀδελφὸν
1054 811 1227 867 ἔμπνουν
1246 810 1303 854 ἔτι
1327 815 1387 870 τῷ
1407 814 1568 869 στρατῷ
1590 827 1696 867 παρ-
1708 818 1754 854 10

248 885 405 926 ἔδωκεν.

385 949 464 994 27.
528 944 741 997 Ἐλθόντες
771 947 815 988 δὲ
846 948 902 996 εἲς
933 943 1048 988 πόλιν
1074 946 1309 1003 Βαροφθὰς
1340 945 1410 988 τὸν
1436 944 1551 1000 χιλὸν
1583 938 1699 1001 εὗρον

248 1017 326 1060 ὑπὸ
355 1021 435 1060 τῶν
465 1014 688 1072 βαρβάρων
720 1015 1068 1071 καταπρησθέντα.
1135 1015 1282 1070 μοίρας
1315 1013 1361 1056 δέ
1389 1030 1496 1064 τινος
1525 1015 1699 1070 Περσῶν

248 1086 336 1140 ἅμα
359 1088 610 1140 Σαρακηνοῖς
632 1084 888 1139 ἐπιφανείσης
898 1113 911 1134 ,
946 1084 1013 1124 καὶ
1035 1081 1128 1123 οὐδὲ
1153 1081 1246 1138 ἄχρι
1266 1081 1369 1131 θέας
1391 1081 1460 1124 τὸν
1477 1079 1700 1134 Ῥωμαϊκὸν

249 1153 423 1210 στρατὸν
452 1149 684 1205 ὑποστάσης
715 1150 807 1192 ἀλλ’
834 1148 1009 1192 αὐτόθεν
1033 1149 1213 1206 ἀφανοῦς
1233 1149 1464 1204 γενομένης,
1497 1148 1590 1191 κατ’
1611 1148 1753 1193 dxl-15

247 1238 344 1277 γους
375 1222 430 1269 εἷς
460 1218 584 1261 ταύτὸ
618 1216 817 1267 συνιόντες
841 1219 879 1260 οἱ
901 1219 1062 1274 Πέρσαι
1087 1218 1373 1271 συνειλεγμένοι
1396 1234 1437 1259 τε
1462 1218 1520 1266 εἷς
1541 1219 1700 1270 πλῆθος

245 1289 326 1343 ἤδη
363 1293 553 1343 παρεῖχον
580 1284 771 1327 ὖπόνοιαν
802 1284 858 1335 ὥς
887 1283 1182 1337 ἓπελευσόμενοι
1206 1291 1290 1334 τοῖς
1307 1283 1543 1339 ὕποζυγιόις.
1609 1282 1700 1326 τότε

248 1357 301 1411 δὴ
323 1360 481 1412 πρῶτος
507 1353 621 1402 ε’νδὺς
639 1353 707 1394 τὸν
724 1351 898 1408 θώρακα
919 1351 940 1394 ὃ
963 1352 1153 1404 βασιλεὺς
1174 1350 1322 1401 παντὸς
1339 1353 1413 1405 μὲν
1435 1351 1556 1402 αὐτὸς
1577 1351 1700 1406 προέ-

248 1427 377 1479 δραμε
401 1426 473 1464 τοῦ
496 1419 819 1476 στρατεύματος,
858 1421 896 1462 οἳ
918 1421 1077 1476 Πέρσαι
1099 1420 1142 1461 δὲ
1166 1419 1240 1473 οὐχ
1260 1417 1498 1472 ὑπέμειναν,
1528 1418 1622 1461 ἀλλ’
1643 1420 1700 1468 εἷς

246 1492 341 1541 τοὺς
374 1490 510 1538 αὐτοῖς
537 1488 806 1543 ἐγνωσμένους
833 1487 1059 1544 ἀποδρᾶναι
1084 1487 1299 1542 διέγνωσαν
1321 1485 1481 1537 τόπους.
1547 1486 1754 1542 προὶῶνεο

248 1560 292 1601 δὲ
313 1561 370 1608 εἷς
386 1555 524 1610 κώμην
541 1554 713 1610 ἐλήλυθε
733 1554 943 1611 Σύμβραν,
965 1554 1054 1610 ἣτις
1069 1556 1111 1597 ἓν
1126 1555 1237 1612 μέσῳ
1259 1556 1370 1596 δυοῖν
1390 1561 1515 1597 κεῖται
1531 1553 1697 1606 πόλεων,

247 1625 313 1676 αἷς
331 1624 511 1679 ὀνόματα
529 1625 724 1678 Νίσβαρα
743 1625 810 1665 καὶ
827 1622 1083 1677 Νισχανάβη.
1151 1624 1302 1679 διαιρεῖ
1326 1623 1370 1665 δὲ
1397 1620 1549 1673 ταύτας
1575 1620 1597 1664 ὃ
1620 1624 1697 1664 Τί-

336 1755 359 1789 6
383 1751 552 1787 Ammiano
574 1750 832 1786 Machamaenm.
967 1752 1011 1787 12
1034 1750 1242 1797 Βαρσφθὰς
1261 1753 1304 1788 Ρ.
1442 1751 1484 1787 15
1507 1744 1699 1796 γινομένης

337 1799 420 1833 LP:
445 1809 521 1832 corr
543 1797 582 1832 S.
720 1798 764 1832 16
786 1794 966 1838 συνιέντες
987 1798 1058 1833 LP.
1193 1799 1238 1834 21
1260 1797 1431 1833 Ammiano
1452 1798 1696 1835 Hucumbram.

248 1913 385 1946 coactos
400 1910 434 1944 in
453 1910 566 1955 plures
581 1912 707 1944 turmas
723 1910 893 1945 Romanos
909 1910 1075 1956 opperiri,
1101 1921 1185 1955 quos
1202 1922 1265 1945 non
1283 1911 1455 1944 admodum
1471 1910 1591 1944 multos
1603 1910 1697 1944 arbi-

246 1962 429 1997 trarentur,
454 1956 511 1989 ubi
526 1956 592 1989 iam
608 1956 770 1990 conectos
783 1956 816 1990 in
832 1967 931 1990 unum
946 1956 1211 2000 conspexissent,
1235 1957 1279 1990 ad
1298 1957 1404 2001 ripam
1419 1956 1563 1989 fluminis
1577 1956 1695 1989 tende-

245 2003 339 2036 bant.
387 2001 441 2034 hic
464 2012 538 2034 cum
562 2002 819 2044 exploratores,
850 2002 906 2046 qui
930 2002 1112 2035 exercitum
1128 2002 1397 2046 praecedebant,
1429 2012 1504 2034 cum
1519 2001 1696 2035 Persarum

246 2058 354 2080 cuneo
370 2045 513 2090 quodam
530 2056 646 2079 manus
661 2052 887 2090 consererent,
911 2046 1124 2080 Macamaeus
1142 2046 1287 2090 quidam,
1310 2058 1393 2090 prae
1410 2045 1507 2079 animi
1520 2046 1698 2080 alacritate

244 2091 380 2126 inermis
395 2091 430 2123 in
445 2091 558 2123 hostes
575 2091 723 2132 irruens,
746 2096 905 2135 quattuor
919 2103 961 2125 ex
977 2092 1025 2125 eis
1040 2091 1210 2125 interficit.
1255 2103 1371 2125 verum
1385 2091 1537 2135 pluribus
1550 2091 1646 2124 simul
1661 2091 1696 2126 in

245 2148 321 2171 eum
339 2135 509 2170 conversis
525 2140 700 2169 mactatur.
747 2137 819 2170 eius
834 2138 942 2170 frater
954 2137 1091 2170 Maurus
1105 2141 1318 2181 conspectum
1335 2137 1459 2170 medios
1473 2136 1561 2170 inter
1570 2136 1696 2170 Persas

244 2183 431 2216 fraternum
457 2190 581 2224 corpus
607 2181 748 2226 arripit,
771 2185 806 2214 et
821 2193 894 2215 eum
910 2181 968 2226 qui
983 2182 1109 2226 primus
1123 2181 1224 2215 ictum
1239 2181 1400 2215 intulerat
1419 2181 1563 2224 occidit,
1585 2192 1696 2225 neque

245 2227 330 2306 teliz:l
350 2226 477 2271 petitus
497 2225 640 2258 animum
665 2226 865 2271 despondit,
896 2227 1004 2261 donec
1024 2228 1165 2261 fratrem
1190 2226 1300 2261 adhuc
1323 2227 1506 2272 spirantem
1529 2226 1694 2260 exercitui

243 2273 306 2307 red
331 2272 460 2305 idisset.

336 2318 394 2351 27.
440 2315 526 2350 Cum
550 2317 687 2348 ventum
710 2314 754 2348 ad
773 2316 931 2360 oppidum
958 2316 1169 2362 Barophthas
1191 2319 1300 2358 esset,
1333 2317 1490 2361 pabulum
1506 2327 1527 2350 a
1541 2315 1693 2351 barbaris

246 2368 401 2397 exustum
426 2364 661 2405 reppererunt.
705 2364 921 2405 posteaquam
938 2373 1062 2396 cuneus
1076 2362 1206 2407 quidam
1224 2362 1402 2395 Persarum
1419 2373 1493 2396 cum
1513 2361 1693 2395 Saracenis

245 2411 447 2452 conspectus
473 2405 614 2446 fuisset,
637 2415 678 2437 ac
692 2416 735 2438 ne
748 2405 836 2438 facie
849 2407 981 2450 quidem
996 2412 1094 2440 tenus
1110 2406 1294 2440 exercitum
1313 2407 1494 2440 Romanum
1514 2406 1692 2440 sustinuis-

244 2458 313 2496 set,
335 2452 395 2486 sed
409 2463 453 2485 ex
468 2450 572 2484 oculis
585 2461 624 2484 se
639 2450 797 2483 continuo
817 2451 1030 2492 subduceret,
1054 2455 1217 2485 coeuntes
1233 2452 1287 2485 alii
1304 2458 1381 2496 post
1394 2452 1476 2485 alios
1490 2451 1612 2495 exiguo
1627 2461 1692 2484 nu-

245 2509 339 2531 mero
357 2499 493 2538 Persae,
516 2495 616 2539 globo
631 2505 766 2528 suorum
782 2495 935 2538 collecto,
958 2497 1117 2530 Romanis
1133 2508 1206 2531 eam
1223 2497 1266 2530 de
1279 2509 1316 2531 se
1331 2497 1536 2541 praebebant
1558 2496 1690 2540 opinio·

244 2554 320 2576 nem
335 2543 430 2586 quasi
445 2542 592 2574 iumenta
606 2544 720 2574 essent
735 2541 934 2583 aggressuri.
982 2547 1052 2574 tum
1077 2553 1159 2576 vero
1183 2542 1306 2585 primus
1321 2542 1455 2575 loricam
1469 2541 1611 2574 induens
1625 2541 1690 2574 im-

242 2592 379 2633 perator
394 2587 585 2620 universum
600 2585 718 2619 cursim
732 2585 883 2618 anteibat
899 2586 1101 2626 exercitum
1122 2598 1186 2620 nec
1199 2587 1428 2620 sustinuerunt
1437 2585 1595 2631 impetum
1607 2586 1689 2619 Per-

242 2645 300 2667 sae
310 2658 321 2674 ‚
342 2633 402 2666 sed
418 2633 451 2665 in
466 2632 539 2665 loca
553 2630 617 2664 sibi
632 2635 714 2665 nota
725 2629 964 2674 diffugiendum
985 2636 1195 2664 censuerunt.
1241 2632 1355 2675 itaque
1371 2641 1568 2676 progressus
1581 2631 1690 2676 impe-

242 2684 338 2711 rator
353 2678 395 2711 ad
410 2678 519 2711 vicum
535 2675 712 2720 Symbra-n
728 2675 822 2709 venit
833 2702 843 2718 ‚
877 2675 933 2720 qui
951 2676 1083 2709 duobus
1100 2688 1144 2720 op
1168 2676 1229 2708 idis
1244 2675 1442 2718 interiacet,
1463 2686 1606 2721 quorum
1626 2687 1690 2709 no-

242 2723 330 2757 mina
344 2726 423 2757 sunt
437 2722 588 2757 Nisbara
602 2725 638 2757 et
653 2720 878 2757 Nisdmnabe.
915 2721 999 2757 haec
1012 2721 1136 2767 oppida
1189 2721 1271 2766 igris
1285 2721 1428 2764 dividit3
1450 2726 1486 2756 et
1500 2732 1586 2768 pom
1602 2727 1689 2764 erat,
