1812 3016
251 74 349 121 310
504 133 507 135 ,
870 76 1066 122 zosnm

249 185 467 243 ἡγούμενος
484 181 551 243 ἦν·
587 182 703 247 οὗτος
715 188 792 245 γὰρ
811 187 896 244 ἅμα
908 187 1084 247 Ἀττάλῳ
1102 194 1158 247 τῷ
1175 187 1252 234 ὕπὸ
1269 192 1341 243 τῆς
1358 191 1567 247 γερουσίας
1586 206 1686 233 στα-

251 257 355 299 λε’ντι
372 255 471 312 πρὸς
487 255 554 298 τὸν
569 257 736 310 βασιλέα
757 254 840 307 οἷός
860 274 900 300 τε
920 258 1074 312 γέγονεν
1098 260 1153 308 εἷς
1175 257 1246 312 τὴν
1261 255 1417 312 Ῥώμην
1437 258 1569 302 ἐλθών
1595 260 1686 301 δια·

251 327 449 378 σωθῆναι.
514 328 646 366 κακῶν
666 325 708 366 δὲ
726 323 914 379 μειζόνων
931 326 989 369 ἀεὶ
1011 332 1093 376 τοῖς
1114 320 1202 368 οὖσι
1223 326 1564 381 προστιθεμένων,
1599 327 1684 369 ἐπι-

252 392 350 440 στὰς
376 390 564 443 Ἄτταλος
594 395 644 447 τῇ
669 390 802 448 Ῥώμῃ
834 392 1028 448 παραλύει
1061 395 1131 450 ’τῆς
1164 394 1375 450 φροντίδος
1403 391 1685 449 ςΗλιοκροίτην,

250 458 300 512 ’ἣν
322 457 342 500 ὃ
362 459 550 511 βασιλεὺς
567 453 615 513 ἦν
633 460 742 517 αὐτῷ
759 461 966 517 παραδοὺς
978 462 1184 518 Ὀλυμπίῳ
1203 459 1451 514 πειθόμενος.
1506 462 1685 506 ἐτέτακτο
1697 470 1719 507 5

249 526 327 583 γὰρ
359 526 431 577 τὰς
461 527 598 579 οὐσίας
631 532 711 568 τῶν
742 529 984 583 δεδευμένων
1006 529 1073 570 διὰ
1093 529 1164 583 τὴν
1185 530 1428 582 Στελιβςωνος
1446 529 1583 571 οὐσίαν
1605 531 1688 572 διε-

250 599 438 650 ρευνῆσαι
476 596 542 637 καὶ
575 598 724 644 ταυτας
756 602 827 638 τοῦ
863 598 1055 651 δημοσίου
1089 603 1231 640 ποιεῖν·
1267 597 1360 638 ἀλλ’
1390 597 1521 651 ἐπειδὴ
1546 597 1688 654 μέτρια

251 666 412 717 φρονῶν
428 661 473 705 τὸ
491 669 574 712 τοῖς
592 664 853 716 δυστυχοῦσιν
873 666 1119 720 ἐπεμβαίνειν
1136 666 1176 709 ἐν
1192 664 1374 718 ἀσεβείας
1390 666 1544 707 ἐτίθετο
1564 665 1688 722 μέρει,

251 731 318 772 καὶ
345 729 433 771 οὔτε
459 730 559 786 πρὸς
582 730 786 786 ἀκρίβειαν
809 731 859 774 τὰ
883 730 1099 788 πράγματα
1129 731 1319 786 ἀνεζήτει,
1354 736 1515 786 πολλοῖς
1549 733 1591 776 δὲ
1621 734 1689 774 καὶ

250 795 514 853 ἀποκρύπτειν
546 796 573 838 ἂ
607 796 789 840 δύναιντο
825 797 964 858 λάθρα
998 799 1140 854 ἐδήλου
1149 832 1162 852 ,
1212 798 1366 856 φαῦλός
1401 817 1461 850 τις
1491 798 1588 844 εἶναι
1619 800 1688 842 διὰ
1701 802 1745 837 10

249 868 367 907 τοῦτο
398 863 518 914 δόξας
543 867 598 914 εἷς
619 866 691 919 τὴν
703 864 917 920 Ῥάβενναν
937 867 1072 922 ἤγετο,
1106 873 1177 922 τῆς
1195 870 1284 924 περὶ
1301 868 1394 918 τοὺς
1415 867 1690 922 ἄτυχήσαντας

249 934 557 988 φιλανθρωπίας
578 933 689 977 ἕνεκα
712 936 823 989 δίκην
839 936 1014 978 ε’κτίσων.
1081 938 1148 979 καὶ
1168 934 1327 986 πάντως
1347 935 1396 979 ἂν
1412 935 1583 991 ἐτιμήθη
1604 940 1689 978 θα·

247 997 370 1043 νάτου
399 1000 466 1043 διὰ
491 1000 563 1054 τὴν
587 999 675 1045 τότε
699 1007 924 1058 κρατοῦσαν
953 1002 1165 1058 ὠμότητα,
1201 1005 1235 1048 εἶ
1266 1002 1324 1059 μή
1354 1021 1443 1048 τινα
1471 1008 1550 1048 τῶν
1580 1006 1690 1060 Χρι-

248 1072 419 1112 στιανῶν
444 1069 652 1124 ἐκκλησίαν
678 1069 787 1124 ἔτυχε
811 1075 1024 1126 τηνικαῦτα
1046 1070 1299 1126 καταλαβών.
1365 1071 1691 1126 Μαξιμιλλιανός

249 1137 293 1179 δὲ
321 1142 403 1188 τοῖς
428 1138 630 1190 πολεμίοις
650 1138 869 1194 περιπεσών
893 1138 1073 1195 ἀπεδόθη
1092 1142 1338 1197 ΖΠαρινιανῷ
1351 1143 1416 1197 ’τῷ
1435 1142 1555 1197 πατρὶ
1574 1143 1744 1196 tgna-15

246 1205 401 1259 μυρίων
421 1201 518 1260 &usp
544 1205 667 1247 αὐτοῦ
690 1207 890 1250 δοθέντων
906 1212 1093 1263 χρυσῶν·
1125 1206 1180 1258 ὡς
1200 1207 1276 1263 γὰρ
1298 1208 1598 1266 ἀναβαλομένου
1616 1207 1688 1262 τὴν

249 1270 407 1326 εἰρήνην
434 1268 506 1313 τοῦ
531 1274 728 1326 βασιλέως
749 1276 814 1317 καὶ
835 1274 893 1329 μὴ
915 1274 1200 1331 πληρώσαντος
1219 1275 1270 1319 τὰ
1294 1277 1524 1330 συγκείμενα
1545 1275 1617 1317 οὐκ
1637 1269 1688 1330 ἦν

249 1337 304 1380 ἔτι
330 1345 412 1388 τοῖς
427 1336 636 1392 Ῥωμαίοις
658 1339 683 1395 ἡ
708 1346 779 1395 τῆς
798 1341 948 1394 πόλεως
970 1342 1108 1394 ἔξοδος
1130 1344 1334 1399 ἐλευθέρα.
1404 1343 1507 1385 ἀλλὰ
1527 1347 1599 1398 τῆς
1615 1342 1688 1396 μὲν

248 1404 404 1462 εἰρήνης
430 1406 540 1449 ἕνεκα
569 1409 635 1450 καὶ
665 1403 787 1460 αὖθις
808 1407 862 1461 ὡς
881 1411 1051 1463 βασιλέα
1072 1412 1214 1464 πέμπει
1236 1411 1418 1467 πρέσβεις
1439 1409 1464 1465 ἦ
1486 1411 1686 1467 γερουσία,

247 1475 314 1516 καὶ
337 1478 411 1514 τοῦ
432 1478 503 1527 τῆς
518 1472 675 1530 Ῥώμης
690 1475 902 1518 ἐπισκόπου
920 1484 1003 1527 τοῖς
1018 1479 1204 1534 πρέσβεσι
1228 1477 1550 1534 συναπάραντος·
1582 1473 1687 1533 ἦσαν
1696 1486 1745 1522 20

249 1541 294 1585 δὲ
325 1541 398 1586 σὺν
430 1542 565 1594 αὐτοῖς
595 1545 661 1586 καὶ
687 1543 909 1603 βαρβάρων
931 1546 1031 1598 τινὲς
1049 1544 1347 1603 ὕπ’Ἀλαρίχου
1373 1547 1597 1598 σταλέντες,
1632 1544 1688 1596 ὥς

337 1660 361 1693 6
393 1659 468 1693 τῶν
491 1660 765 1703 δεδημευμένων
788 1660 849 1696 διὰ
874 1660 940 1706 τήν
963 1664 1029 1698 Στ.
1054 1663 1232 1698 οἰκείωσιν
1255 1663 1497 1706 Leunclevius,
1529 1662 1605 1698 τῶν
1629 1662 1686 1696 δε-

338 1703 498 1746 δεμένων
526 1704 587 1739 διὰ
611 1704 679 1751 τὴν
702 1708 768 1742 Στ.
793 1707 935 1751 γνῶσιν.
964 1711 1001 1742 S.
1154 1711 1175 1745 8
1210 1706 1462 1754 ἐπεμβαίνειν]
1486 1709 1561 1743 libri
1585 1706 1687 1742 ἐνεπ-

337 1749 533 1794 εμβαίνειν.
719 1753 762 1786 14
792 1758 869 1786 sunt
902 1754 959 1798 qui
994 1754 1242 1789 Maximianum
1273 1754 1398 1788 malint.
1430 1756 1465 1787 S.
1519 1757 1578 1786 aut
1601 1753 1687 1787 enim

335 1794 370 1828 h.
408 1795 430 1830 l.
468 1795 703 1839 Μαξιμιανὸς
738 1798 932 1841 legendum,
971 1805 1031 1832 aut
1069 1812 1099 1833 c.
1129 1802 1174 1835 44
1210 1800 1346 1835 ineunte
1387 1797 1686 1843 Μαξιμιλλιανός.

339 1841 382 1876 17
405 1842 629 1888 συγκείμενα]
656 1845 868 1888 συγκείμενα
890 1847 968 1884 τοῖς
989 1841 1239 1889 ἁλισκομένοις
1258 1845 1334 1881 τῶν
1357 1838 1401 1880 εὖ
1421 1842 1622 1890 γεγονότων
1643 1844 1688 1879 Ρ.

246 1940 342 1990 sunt;
365 1949 503 1982 quorum
519 1940 552 1973 in
567 1951 703 1975 numero
720 1947 755 1976 et
770 1943 843 1988 ipse
859 1944 925 1978 dux
940 1948 1031 1978 erat:
1055 1955 1130 1979 nam
1144 1945 1173 1979 is
1189 1956 1262 1978 cum
1278 1945 1410 1988 Attalo,
1436 1943 1492 1988 qui
1506 1944 1549 1978 ab
1565 1945 1686 1978 senatu

247 1994 364 2016 missus
380 1984 422 2016 ad
441 1985 621 2029 principem
640 1989 770 2029 fuerat,
793 1988 827 2022 in
851 1991 964 2024 urbem
991 1992 1162 2034 profectus
1187 1990 1357 2023 incolumis
1372 1990 1489 2023 evasit.
1537 2000 1610 2022 cum
1624 1999 1686 2021 au-

246 2033 313 2061 tem
343 2030 573 2072 praesentibus
599 2032 690 2065 malis
719 2034 782 2067 alia
810 2035 937 2069 maiora
961 2046 1091 2080 semper
1113 2036 1330 2077 accederent,
1356 2036 1493 2068 Romam
1516 2033 1686 2076 ingressus
1712 2030 1720 2037 “

245 2073 379 2107 Attalus
409 2073 635 2109 Heliocratem
667 2088 706 2110 ea
737 2090 814 2113 cura
840 2080 980 2121 liberat,
1022 2092 1107 2124 quae
1129 2081 1176 2114 illi
1197 2092 1216 2113 a
1238 2079 1387 2123 principe
1409 2079 1521 2112 fuerat
1546 2083 1686 2113 auctore

248 2118 407 2163 Olympio
438 2119 619 2155 commissa.
665 2122 789 2166 quippe
815 2124 925 2157 datum
945 2126 1008 2157 hoc
1021 2125 1070 2158 illi
1085 2131 1157 2158 erat
1172 2124 1318 2166 negotii,
1343 2128 1380 2156 ut
1395 2134 1508 2158 eorum
1525 2124 1612 2156 bona
1626 2122 1686 2167 qui

248 2168 389 2207 propter
414 2164 670 2198 familiaritatem
699 2167 901 2202 Stelichonis
931 2169 1109 2214 proscripti
1137 2169 1276 2203 fuissent
1301 2168 1498 2211 indagaret,
1523 2179 1630 2213 eaque
1649 2167 1685 2201 in

247 2208 365 2242 fiscum
388 2209 570 2252 redigeret.
617 2211 695 2254 quia
714 2223 794 2245 vero
811 2214 972 2247 moderati
988 2214 1040 2247 vir
1055 2214 1178 2256 ingenii
1193 2225 1274 2247 sane
1287 2224 1386 2258 quam
1399 2213 1532 2257 impium
1547 2213 1686 2247 duceret

246 2254 408 2287 insultare
434 2254 580 2294 miseris,
613 2266 652 2287 ac
673 2267 781 2300 neque
798 2269 852 2291 res
873 2259 1020 2292 strictius
1035 2259 1233 2303 inquireret,
1257 2264 1292 2291 et
1307 2258 1417 2292 multis
1432 2258 1530 2292 etiam
1548 2258 1685 2291 clancu-

244 2299 310 2332 lum
325 2299 531 2342 significaret
547 2304 583 2333 ut
599 2311 814 2346 quaecunque
831 2310 968 2346 possent
985 2304 1206 2345 occultarent,
1230 2303 1322 2337 visus
1337 2303 1457 2336 iccirco
1474 2302 1593 2337 nullius
1609 2313 1685 2336 esse

245 2344 347 2389 pretii
361 2345 555 2378 Ravennam
570 2345 763 2387 abducitur,
786 2348 1079 2382 ob‘humanitatem
1096 2349 1220 2382 miseris
1237 2349 1425 2393 praestitam
1440 2359 1566 2392 poenas
1581 2348 1685 2381 luitu-

245 2400 323 2431 rus3
357 2390 552 2435 omninoque
579 2396 687 2424 morte
716 2391 873 2426 multatus
904 2394 947 2426 ob
978 2399 1185 2436 grassantem
1208 2393 1244 2427 id
1269 2393 1426 2437 temporis
1449 2393 1683 2427 immanitatem

247 2435 368 2468 fuisset
381 2460 391 2477 ,
425 2435 486 2468 nisi
512 2435 599 2469 forte
615 2436 775 2480 quandam
793 2437 825 2469 in
843 2438 1015 2471 ecclesiam
1034 2439 1294 2472 Christianorum
1313 2450 1350 2471 se
1369 2438 1560 2482 recepisset.
1606 2436 1683 2470 Ma·-

245 2480 442 2514 ximillianus
458 2485 567 2514 autem
584 2492 655 2514 cum
671 2481 704 2514 in
721 2481 862 2515 hostium
879 2494 992 2516 manus
1009 2483 1189 2523 incidisset,
1209 2483 1408 2516 Martiniano
1425 2482 1511 2528 patri
1526 2481 1684 2515 venditus

250 2529 321 2567 est,
340 2525 478 2568 triginta
492 2525 619 2559 milibus
635 2537 807 2559 aureorum
823 2538 885 2571 pro
902 2539 941 2560 eo
958 2528 1085 2562 solutis.
1131 2540 1203 2562 cum
1220 2529 1302 2561 enirn
1318 2539 1432 2574 pacem
1449 2527 1602 2572 princeps
1616 2526 1684 2560 dif-

249 2571 358 2604 ferret
373 2576 408 2603 et
424 2571 530 2614 pactis
546 2571 719 2605 conventis
734 2571 819 2605 haud
835 2573 1064 2613 satisfaceret,
1085 2585 1151 2606 non
1177 2573 1315 2617 amplius
1339 2572 1496 2606 Romanis
1511 2577 1610 2605 extra
1624 2582 1684 2604 ur-

250 2616 325 2649 bem
341 2616 473 2659 prodire
488 2615 627 2649 liberum
642 2620 725 2649 erat.
770 2622 904 2650 senatus
933 2618 1063 2662 quidem
1095 2618 1186 2662 pacis
1211 2629 1313 2651 causa
1338 2618 1470 2661 legatos
1494 2617 1613 2651 iterum
1636 2616 1681 2650 ad

248 2660 431 2714 principem
453 2661 572 2700 mittit,
598 2673 671 2694 cum
693 2661 811 2705 quibus
831 2667 867 2695 et
885 2663 1051 2696 Romanus
1068 2663 1245 2708 episcopus
1260 2662 1494 2707 proficiscitur.
1541 2661 1683 2694 aderant

248 2705 363 2739 iisdem
391 2710 426 2740 et
450 2706 580 2741 barbari
604 2706 735 2751 quidam
762 2707 804 2741 ab
829 2707 984 2742 Alaricho
1001 2708 1109 2751 missi,
1133 2714 1170 2743 ut
1189 2720 1247 2743 eos
1262 2709 1304 2743 ab
1319 2707 1469 2743 hostibus
1487 2706 1607 2741 infesta
1622 2706 1683 2740 ha-
