1812 3016
290 143 388 190 274
912 141 1110 185 ZOSIMI

289 256 360 311 τὴν
385 255 454 298 διὰ
480 254 552 299 τοῦ
567 250 858 310 Ἑλλησπόντου
887 250 1051 297 κωλύων
1075 256 1155 297 τῶν
1178 249 1400 312 βαρβάρων
1425 252 1490 297 ἐπὶ
1507 254 1581 310 τὴν
1594 253 1730 299 Ἀσίαν

289 323 489 377 διάβασιν.
556 322 954 379 παρασκευαζολιιένου
977 323 1020 364 δὲ
1040 324 1080 363 Γ
1077 325 1190 364 α’ΐνου
1209 323 1310 379 πρὸς
1327 320 1474 378 μάχην,
1502 323 1730 381 ἀργούντων

289 393 361 435 οὐκ
381 393 550 447 ἠνείχετο
570 397 649 434 τῶν
668 396 922 447 στρατιωτῶν
943 388 963 432 ὃ
989 393 1226 447 Φραουῖτος,
1250 390 1354 435 ἀλλὰ
1370 392 1551 444 μελέταις
1568 393 1728 446 συνεχέ-

289 478 351 502 σιν
370 459 535 515 ἓξήσκει,
565 462 632 501 καὶ
649 460 712 501 ἐπὶ
731 464 921 501 τοσοῦτον
935 462 1018 508 τοῖς
1034 461 1266 514 γυμνασίοις
1283 457 1503 515 ἐπέρρωσεν
1523 458 1623 503 ὥστε
1641 461 1728 503 ἀντὶ

286 533 358 583 τῆς
375 528 451 584 πρὸ
474 525 616 570 τούτου
636 525 840 586 ῥᾳστώνης
857 544 897 569 τε
918 529 984 568 καὶ
1002 527 1223 579 ἒκμελείας,
1253 527 1323 584 ἔφ’
1343 524 1403 577 οἷς
1421 525 1442 569 ὅ
1464 529 1505 568 Γ
1501 531 1613 583 αΐνης
1627 530 1759 582 μέλ-5

286 598 366 639 λειν
388 594 514 638 ἐδόκει
536 594 636 652 πρὸς
664 595 734 637 τὸν
760 593 932 648 πόλεμον
961 596 1240 651 δυσχεραίνειν.
1311 597 1539 650 Φραουῖτος
1561 597 1634 650 μὲν
1657 591 1727 639 οὖν

285 665 386 706 κατὰ
415 663 486 718 τὴν
510 664 646 706 Ἀσίαν
676 663 718 705 ἕν
742 659 897 713 τούτοις
917 657 986 717 ἦν,
1025 660 1178 719 νύκτωρ
1207 663 1275 704 καὶ
1300 662 1401 716 μεθ’
1432 661 1584 720 ἡμέραν
1609 662 1656 706 τό
1685 682 1727 707 τε

283 731 554 789 στρατόπεδον
581 731 627 774 τὸ
651 733 794 773 οἰκεῖον
813 731 1036 772 ἐπισκοπῶν
1054 733 1120 772 καὶ
1141 729 1213 780 τὰς
1232 733 1311 791 τῶν
1333 731 1518 773 ἐναντίων
1538 731 1728 774 ἀποθεω-

283 806 365 857 ριῦν
393 797 642 855 ἐγχειρήσας.
709 799 930 852 ἐπεμελεῖτο
952 800 995 840 δὲ
1014 801 1080 840 καὶ
1099 804 1169 841 τοῦ
1194 803 1406 840 ναυτικοῦ·
1439 800 1561 841 πλοῖά
1580 800 1658 857 γὰρ
1677 795 1727 854 ἦν

283 869 394 925 αὐτῷ
413 864 511 923 πρὸς
528 867 754 919 ναυμαχίαν
773 866 993 922 ἀρκοῦντα,
1022 868 1210 923 Λίβερνα
1226 871 1354 909 ταῦτα
1374 865 1614 920 καλούμενα,
1645 866 1724 910 ἆπό
1739 879 1782 912 10

280 951 387 985 τινος
405 934 556 984 πόλεως
572 936 614 976 ἐν
630 934 778 992 Ἰταλία
796 932 976 988 κειμένης
993 933 1295 987 ὀνομασθέντα,
1342 933 1444 976 καθ’
1467 934 1517 989 ἢν
1537 936 1579 985 ἐξ
1599 936 1726 991 ἀρχῆς·

279 1002 432 1046 τούτων
459 1007 539 1045 τῶν
565 1003 714 1044 πλοίων
738 1000 783 1044 τὸ
810 1000 913 1052 εἶδος
941 1000 1216 1057 ἐναυπηγήθη.
1295 1003 1457 1045 δοκοῦσι
1485 1003 1531 1045 δέ
1557 1018 1643 1054 πως
1674 1003 1726 1046 τὰ

278 1076 398 1113 πλοῖα
415 1074 543 1113 ταῦτα
561 1074 897 1124 ταχυναυτεῖσθαι
914 1069 1235 1126 πεντηκοντόρων
1255 1069 1330 1124 οὗχ
1346 1065 1478 1125 ἧττον,
1498 1071 1601 1113 κατὰ
1621 1072 1723 1114 πολὺ

277 1145 357 1181 τῶν
371 1142 583 1195 τριηρικῶν
597 1136 876 1191 ἐλαττούμενα,
901 1138 1097 1188 πλείστοις
1117 1136 1218 1180 ἔτεσι
1235 1142 1307 1193 τῆς
1327 1136 1479 1181 τούτων
1490 1137 1726 1194 ἐκλιπούσης

277 1208 558 1263 δημιουργίας,
595 1207 630 1248 εἰ
646 1208 712 1247 καὶ
728 1204 936 1259 Πολύβιος
953 1204 1243 1263 ὁσυγγραφεῦς
1259 1207 1499 1249 {ml-9⁶⁶3&
1508 1223 1594 1257 πως
1613 1206 1721 1258 ἔδοξε
1734 1214 1778 1250 15

273 1275 353 1316 τῶν
377 1273 567 1330 ἒξηρικιῦν
589 1275 737 1315 πλοίων
758 1270 808 1315 τὰ
827 1275 979 1330 μέτρα,
1015 1272 1075 1324 οἷς
1097 1277 1307 1331 φαίνονται
1327 1273 1518 1324 πολλάκις
1532 1271 1723 1329 ζΡωμαῖοι

274 1344 340 1383 καὶ
363 1340 635 1397 Καρχηδόνιοι
652 1339 948 1395 πολεμήσαντες
965 1341 1064 1398 πρὸς
1085 1340 1295 1395 ἀλλήλους.
1365 1343 1471 1397 (21)
1505 1339 1527 1384 ὃ
1552 1344 1596 1386 δὲ
1619 1340 1660 1384 Γ
1655 1346 1722 1385 αἵ·-

272 1427 344 1463 νης
361 1408 605 1463 βιασάμενος
626 1406 699 1462 τὴν
727 1404 794 1450 διὰ
819 1413 893 1450 τοῦ
910 1412 1094 1465 Μακροῦ
1113 1412 1268 1463 τείχους
1287 1410 1349 1451 ἐπὶ
1370 1409 1443 1463 τὴν
1461 1409 1722 1467 Χερρόνησον

273 1478 450 1528 εἷ’σοδον,
508 1477 690 1526 ἐξέτασσε
721 1473 815 1526 τοὺς
845 1475 1083 1533 βαρβάρους
1116 1479 1228 1533 παρὰ
1263 1481 1398 1519 πᾶσαν
1428 1477 1500 1531 τὴν
1539 1478 1722 1536 Θρᾳκίαν

272 1544 403 1601 ὀφρὺν
419 1543 491 1599 τὴν
512 1545 915 1600 ἇντιπαρατείνουσαν
934 1551 1018 1594 τοΐς
1036 1544 1114 1586 ἀπὸ
1134 1550 1208 1587 τοῦ
1215 1546 1378 1602 Παρίου
1396 1542 1512 1601 μέχρι
1521 1545 1777 1600 Λαμψά-ω

271 1630 343 1654 κου
369 1614 434 1654 καὶ
451 1611 623 1665 Ἀβύδου
647 1614 713 1653 καὶ
734 1616 815 1654 τῶν
838 1610 1058 1655 ποιούντων
1079 1611 1151 1667 τὴν
1173 1613 1312 1668 στενὴν
1333 1612 1551 1655 θάλασσαν
1564 1609 1720 1657 τόπων.

270 1679 291 1721 ὃ
313 1681 386 1734 μὲν
408 1675 479 1722 οὖν
504 1678 712 1733 Ῥωμαίων
742 1677 967 1737 στρατηγὸς
987 1684 1075 1730 ταῖς
1094 1684 1211 1722 ναυσὶ
1235 1681 1431 1738 περιέπλει
1453 1678 1504 1722 τὰ
1524 1682 1628 1724 κατὰ
1647 1682 1720 1737 τὴν

357 1788 381 1821 2
403 1781 511 1820 malim
535 1792 607 1820 cum
631 1784 772 1820 articulo
795 1784 890 1829 πρὸς
911 1783 981 1830 τὴν
1004 1785 1136 1830 μάχην.
1173 1787 1212 1821 S.
1395 1788 1438 1822 10
1461 1787 1622 1832 Λίβερνα
1643 1788 1717 1824 scil.

357 1833 490 1875 πλοῖα,
526 1832 652 1866 rectius
675 1830 853 1875 Λίβυρνα.
898 1830 1100 1866 Plutarchus
1124 1829 1330 1875 Λιβυρνικὰ
1353 1837 1453 1867 vocat
1482 1839 1518 1867 et
1542 1833 1718 1878 Λιβυρνί-

357 1877 437 1917 δας.
458 1879 496 1912 S.
635 1878 679 1912 16
701 1875 874 1916 πολλάκις
898 1874 1142 1922 [κεχρῆσθαι]
1165 1875 1336 1922 Ῥωμαῖοι
1356 1879 1395 1913 S.
1415 1882 1419 1885 “

265 1966 482 2001 barbarorum
505 1966 775 2001 transiectionem
797 1966 832 2000 in
854 1967 968 2002 Asiam
993 1979 1054 2012 per
1067 1967 1322 2012 Hellespontum
1335 1966 1541 2014 impediens.
1585 1965 1715 2003 interea

265 2023 350 2045 vero
364 2036 373 2054 ,
399 2012 477 2045 dum
494 2012 623 2046 Gainas
637 2012 679 2045 ad
695 2012 856 2057 proelium
871 2024 909 2046 se
924 2017 1023 2057 parat
1034 2038 1045 2052 ,
1075 2013 1234 2047 Fraiutus
1249 2013 1340 2046 ferre
1354 2024 1420 2045 non
1434 2013 1548 2058 potuit
1562 2015 1600 2046 ut
1614 2013 1715 2047 otiosi

265 2057 388 2091 milites
407 2062 530 2098 essent,
554 2057 612 2090 sed
632 2057 796 2091 continuis
813 2067 870 2091 eos
887 2058 1055 2092 exercitiis
1069 2058 1238 2091 instruxit.
1283 2057 1369 2091 adeo
1387 2057 1530 2102 denique
1545 2057 1612 2092 iam
1626 2058 1715 2092 mili-

263 2107 317 2135 tes
332 2101 626 2135 exercitationibus
643 2103 920 2142 confirmaverat,
946 2108 984 2136 ut
998 2103 1135 2147 ignavia
1151 2103 1343 2146 desidiaque
1357 2102 1566 2147 superiorum
1581 2108 1714 2148 tempo-

262 2158 336 2180 rum
359 2146 511 2191 deposita
536 2148 738 2190 permoleste
761 2149 891 2181 ferrent
905 2146 1049 2182 Gainam
1073 2148 1160 2182 bello
1175 2148 1322 2191 gerendo
1337 2148 1497 2182 cunctari.
1542 2148 1596 2183 his
1610 2149 1713 2183 rebus

262 2192 298 2225 in
313 2191 395 2225 Asia
410 2191 570 2225 Fraiutus
585 2192 734 2226 intentus
750 2197 824 2226 erat
835 2219 845 2234 ‚
879 2205 952 2227 cum
965 2192 1120 2238 ⁴interdiu
1143 2197 1312 2237 noctuque
1328 2196 1398 2226 tum
1413 2204 1473 2226 sua
1487 2194 1712 2238 perlustraret

264 2241 393 2279 castra,
428 2241 498 2270 tum
519 2237 724 2280 speculando
748 2243 888 2272 conatus
913 2239 1050 2272 hostiles
1073 2238 1278 2282 exploraret.
1325 2238 1464 2272 classem
1488 2250 1622 2284 quoque
1643 2250 1710 2272 non

263 2281 468 2326 negligebat.
516 2281 641 2326 quippe
666 2283 801 2316 navium
824 2283 971 2317 habebat
991 2294 1065 2317 eum
1089 2291 1259 2316 numerum
1275 2282 1333 2327 qui
1348 2283 1584 2317 committendo
1598 2285 1710 2318 navali

262 2327 391 2372 proelio
407 2327 589 2361 sufficeret.
636 2338 694 2360 eas
710 2327 875 2361 Liburnas
890 2334 1017 2362 vocant
1027 2356 1038 2372 ‚
1062 2327 1106 2362 ab
1122 2328 1245 2372 oppido
1262 2328 1401 2371 quodam
1417 2328 1450 2362 in
1467 2328 1563 2362 Italia
1578 2329 1644 2362 sito
1659 2329 1709 2362 sic

262 2372 468 2414 nominatas,
505 2382 570 2416 quo
592 2371 626 2404 in
650 2370 772 2415 oppido
798 2384 900 2406 naves
928 2374 971 2407 ad
993 2382 1065 2407 eam
1085 2370 1224 2406 formam
1245 2372 1339 2406 initio
1355 2373 1543 2407 fabricatae
1556 2374 1708 2409 fuerunt.

262 2418 421 2451 videntur
443 2421 554 2451 antem
569 2417 633 2450 hae
648 2428 752 2451 naves
773 2428 839 2450 non
860 2418 964 2452 minus
979 2430 1055 2452 esse
1069 2418 1205 2452 veloces
1221 2427 1319 2462 quam
1333 2418 1411 2452 illae
1425 2416 1492 2452 sint
1506 2429 1595 2463 quae
1608 2419 1708 2463 quin-

261 2463 422 2507 quaginta
446 2461 546 2496 remis
569 2466 715 2506 aguntur
725 2487 735 2504 ,
768 2462 827 2495 sed
851 2464 988 2497 multum
1013 2474 1033 2496 a
1056 2463 1244 2497 triremibus
1266 2463 1439 2507 δοροῖσι-ῖς
1471 2474 1512 2497 ac
1525 2463 1626 2508 longo
1641 2464 1706 2498 iam

260 2513 414 2552 tempore
430 2507 549 2541 confici
563 2507 744 2550 desierunt,
760 2517 948 2551 quanquam
962 2509 1109 2553 scriptor
1122 2508 1279 2541 historiae
1293 2508 1459 2552 Polybius
1474 2508 1706 2543 hexericarum

260 2563 396 2597 quoque
409 2553 541 2586 navium
557 2552 704 2586 rationes
720 2552 896 2596 exposuit;
930 2551 1050 2597 quibus
1071 2564 1173 2597 saepe
1188 2551 1331 2586 Romani
1346 2558 1382 2588 et
1395 2553 1704 2596 Carthaginienses,

260 2608 335 2631 cum
347 2598 436 2631 inter
451 2609 488 2632 se
508 2598 595 2632 bella
607 2601 765 2642 gererent
777 2621 788 2639 ,
810 2597 860 2631 usi
877 2598 982 2631 fuisse
997 2598 1167 2632 videntur.
1214 2599 1312 2642 (21)
1337 2602 1487 2632 ceterum
1503 2597 1645 2642 Gainas,
1667 2599 1705 2632 vi

259 2654 323 2687 per
338 2643 489 2686 Longum
505 2654 632 2677 murum
647 2642 913 2677 Cherrhonesum
928 2645 1102 2687 patefacto
1120 2642 1223 2686 aditu,
1241 2643 1400 2677 barbaros
1415 2647 1555 2688 propter
1568 2643 1704 2677 univer-

259 2698 330 2721 sum
347 2688 515 2724 Thraciae
529 2689 624 2722 littus
638 2687 720 2722 illud
737 2687 931 2721 eminentius
947 2688 1139 2732 constituit,
1175 2688 1266 2732 quod
1288 2700 1330 2722 ex
1355 2689 1499 2722 adverso
1523 2692 1628 2722 semet
1641 2699 1703 2723 ex-

258 2732 378 2774 tendit,
401 2739 435 2766 et
450 2733 565 2767 obiicit
578 2732 812 2778 incipientibus
826 2744 848 2766 a
862 2733 964 2767 Pario
979 2731 1073 2776 locis,
1090 2734 1134 2767 ad
1148 2733 1369 2778 Lampsacum
1385 2737 1422 2767 et
1435 2733 1594 2776 Abydum
1609 2738 1645 2767 et
1658 2733 1701 2767 ad

257 2776 314 2811 illa
330 2789 435 2823 usque
449 2779 525 2813 loca
541 2790 628 2824 quae
642 2790 733 2814 mare
746 2778 835 2814 istuc
847 2783 1021 2823 angustum
1037 2778 1198 2814 efficiunt.
1228 2779 1296 2814 dux
1310 2778 1448 2814 militum
1463 2778 1699 2820 Romanorum,
