1774 3002
203 111 296 156 100
816 111 1010 154 ZOSIMI

200 225 288 266 τίκα
307 222 398 280 ἓρῶ.
464 226 543 266 τῶν
560 219 748 279 ὑπάρχων
768 222 862 274 τοὺς
878 221 1111 278 ἁπανταχοῦ
1129 218 1281 280 φόρους
1299 222 1368 266 διὰ
1386 225 1466 266 τῶν
1481 219 1630 280 ὑπηρε-

200 292 399 345 τουμένων
428 291 564 341 αὐτοῖς
591 290 904 348 εἴσπραττόντων
927 293 993 333 καὶ
1015 292 1087 346 τὴν
1108 291 1394 347 στρατιωτικὴν
1416 291 1459 333 ἐκ
1479 289 1629 332 τούτων

200 359 442 412 ποιουμένων
473 357 675 413 δαπάνην,
709 357 877 412 ἐχόντων
910 360 952 401 δὲ
983 359 1077 408 τοὺς
1106 357 1352 414 στρατιώτας
1382 356 1631 414 ὖποχειρίους

200 429 256 476 εἷς
276 426 322 468 τὸ
341 428 453 475 δίκας
468 424 624 479 ὑπέχειν
644 426 746 467 κατὰ
766 426 810 468 τὸ
831 429 980 468 δοκοῦν·
995 427 1130 476 αὐτοῖς
1149 427 1211 468 ἐπὶ
1231 433 1314 476 τοῖς
1334 424 1629 482 ἁμαρτήμασιν,

199 492 359 544 εἶκότως
389 494 426 535 οἳ
452 498 691 548 στρατιῶται
712 493 814 535 κατὰ
834 499 927 536 νοῦν
944 493 1095 547 ἔχοντες
1117 492 1171 543 ὥς
1193 492 1214 535 ὃ
1229 499 1413 549 χορηγῶν
1429 492 1500 546 τὴν
1517 494 1662 547 σίτη-5

197 578 261 602 σιν
282 560 415 610 αὐτοῖς
436 562 503 602 καὶ
524 562 730 602 πταίουσιν
751 562 1006 617 ἐπεξέρχεται,
1040 559 1226 615 πράττειν
1246 560 1283 603 τι
1302 560 1413 617 παρὰ
1431 560 1476 602 τὸ
1495 564 1629 615 καθῆ-

198 645 267 670 κον
294 629 365 669 οὔκ
392 627 593 684 ἐθάρρουν
618 628 694 670 δέει
715 631 783 670 καὶ
803 633 874 682 τῆς
898 634 975 670 τῶν
997 627 1187 682 σιτήσεων
1209 629 1454 685 ἀφαιρέσεως
1473 629 1539 673 καὶ
1560 632 1631 682 τῆς

195 696 308 750 παρὰ
331 693 458 745 πόδας
484 694 695 744 κολάσεως.
762 700 831 737 νῦν
851 697 893 737 δὲ
915 694 1049 752 ἑτέρου
1074 697 1146 750 μὲν
1163 695 1276 745 ὄντος
1294 701 1365 738 τοῦ
1385 696 1459 745 τὰς
1475 695 1630 751 τροφὰς

195 762 437 812 ἐπιδιδόντος
465 761 598 816 ἑτέρου
629 763 671 803 δὲ
700 767 771 805 τοῦ
801 767 871 817 τῆς
898 762 1115 818 ἐπιστήμης
1143 765 1302 818 κυρίου,
1332 762 1424 805 κατ’
1448 765 1629 812 ἐξουσίαν

192 830 352 872 ἅπαντα
369 827 608 884 πράττουσι,
642 830 742 884 πρὸς
762 835 819 886 τῷ
838 831 902 871 καὶ
925 830 969 871 τὸ
989 832 1106 873 πλέον
1127 835 1206 872 τῶν
1223 828 1414 884 σιτήσεων
1433 831 1554 885 μέρος
1573 831 1628 880 εἷς
1640 834 1682 867 10

194 899 333 954 κέρδος
352 898 424 940 τοῦ
440 901 668 952 στρατηγοῦ
686 898 752 939 καὶ
773 902 851 939 τιῦν
871 896 1198 954 ὖπηρετουμένων
1216 896 1343 954 τούτῳ
1361 894 1519 954 χωρεῖν.

326 964 405 1009 34.
466 964 636 1020 ’Έπραξε
657 965 702 1005 δέ
719 982 754 1006 τι
774 967 1076 1015 Κωνσταντῖνος
1095 967 1160 1007 καὶ
1183 966 1334 1021 ἕτερον,
1363 965 1386 1006 ὃ
1414 972 1497 1014 τοῖς
1520 969 1628 1020 βαρ-

191 1030 334 1089 βάροις
362 1029 563 1074 ἀκώλυτον
591 1032 745 1086 ἐποίησε
767 1033 839 1086 τὴν
864 1033 925 1073 ἐπὶ
950 1032 1021 1087 τὴν
1036 1031 1246 1085 Ῥωμαίοις
1266 1031 1523 1087 ὖποκειμένην
1541 1031 1628 1087 χώ-

192 1118 267 1155 ραν
304 1098 504 1154 διάβασιν.
570 1103 642 1154 τῆς
674 1099 751 1154 γὰρ
778 1098 986 1153 Ῥωμαίων
1012 1101 1258 1156 ἐπικρατείας
1287 1098 1520 1154 ἁπανταχοῦ
1547 1104 1627 1142 τῶν

191 1170 383 1222 ἓσχατιιῦν
415 1170 465 1223 τῇ
493 1167 788 1220 Διοκλητιανοῦ
821 1169 987 1225 προνοίᾳ
1017 1167 1119 1209 κατὰ
1145 1167 1213 1209 τὸν
1236 1168 1439 1224 εἰρημένον
1458 1167 1535 1222 ἤδη
1555 1183 1624 1220 μοι
1638 1167 1680 1203 15

190 1234 337 1291 τρόπον
358 1232 495 1276 πόλεσι
515 1237 582 1276 καὶ
603 1236 811 1290 φρουρίοις
833 1236 899 1275 καὶ
920 1233 1084 1290 πύργοις
1103 1235 1397 1289 διειλημμένης,
1431 1237 1498 1276 καὶ
1523 1252 1626 1276 παν-

190 1303 258 1352 τὸς
287 1306 360 1344 τοῦ
389 1305 676 1357 στρατιωτικοῦ
704 1301 809 1342 κατὰ
837 1305 964 1343 ταῦτα
994 1301 1066 1355 τὴν
1095 1302 1247 1356 οἴκησιν
1265 1301 1443 1355 ἔχοντος,
1476 1301 1627 1357 ἄπορος

189 1376 274 1419 τοΐς
305 1367 530 1425 βαρβάροις
558 1363 607 1422 ἦν
642 1366 667 1422 ἦ
698 1366 906 1421 διάβασις,
941 1374 1145 1422 πανταχοῦ
1167 1367 1372 1422 δυνάμεως
1389 1367 1627 1423 ἀπαντώσης

189 1437 283 1485 τοὺς
309 1435 489 1485 ἐπιόντας
515 1433 773 1477 ἀπώσασθαι.
839 1438 905 1476 καὶ
938 1434 1085 1490 ταύτην
1114 1436 1163 1490 δὴ
1190 1436 1261 1490 τὴν
1287 1435 1509 1492 ἀσφάλειαν
1534 1438 1624 1477 δια-

189 1504 369 1560 φθείρων
406 1501 426 1543 ὃ
463 1505 765 1552 Κωνσταντῖνος
800 1506 880 1543 τῶν
913 1508 1166 1556 στρατιωτῶν
1192 1503 1236 1545 τὸ
1265 1503 1366 1544 nol-2⁸2
1393 1504 1515 1559 μέρος
1543 1507 1678 1545 τῶνΞΟ

186 1572 379 1624 ἔσχατιῶν
404 1568 635 1624 ἀποστήσας
660 1575 748 1619 ταῖς
776 1569 821 1609 οὐ
855 1571 1057 1623 δεομέναις
1075 1572 1270 1625 βοηθείας
1289 1569 1448 1612 πόλεσιν
1463 1571 1623 1626 ἐγκατέ-

186 1655 331 1693 στησε,
364 1639 431 1680 καὶ
470 1637 564 1687 τοὺς
597 1636 903 1690 ἐνοχλουμένους
931 1635 1008 1679 ὑπὸ
1037 1637 1258 1694 βαρβάρων
1289 1636 1487 1694 ἐγύμνωσε
1518 1642 1621 1693 βοη-

275 1790 300 1823 9
322 1785 362 1822 δὲ
385 1798 439 1822 om
460 1786 534 1821 LP.
673 1786 715 1822 15
736 1784 831 1821 κατὰ
854 1784 922 1820 τὸν
945 1785 1059 1830 εἰρημ.
1083 1785 1246 1832 τρόπον]
1268 1797 1309 1821 ea
1331 1786 1365 1821 in
1385 1786 1462 1821 libri
1484 1786 1620 1821 secundi

275 1833 370 1868 initio
391 1833 572 1879 perierunt.
595 1831 640 1866 R.
775 1833 818 1866 21
843 1828 1032 1876 ἐγκατέστη
1055 1832 1130 1866 LP:
1153 1842 1231 1866 corr
1249 1833 1288 1867 S.

185 1964 287 2000 rebus
310 1964 483 2006 attulisse,
515 1976 567 1998 me
589 1963 741 2009 protinus
763 1963 947 2006 indicante,
980 1964 1166 2009 apparebit.
1216 1963 1340 2009 qnippe
1359 1975 1431 1998 cum
1454 1965 1619 2009 praefecti

185 2010 366 2056 praetoriis
380 2010 504 2054 ubique
519 2015 682 2043 terrarum
698 2007 822 2041 tributa
837 2020 898 2053 per
913 2010 1122 2054 apparitores
1134 2020 1211 2043 suos
1226 2009 1419 2052 exigerent,
1441 2015 1476 2043 et
1497 2009 1620 2044 milita-

185 2066 257 2089 rem
274 2067 314 2089 ex
329 2054 369 2087 iis
382 2060 545 2100 sumptum
563 2056 714 2087 facerent
727 2079 734 2090 .
770 2053 935 2097 iidemque
961 2054 1078 2087 milites
1101 2053 1190 2087 dicto
1215 2054 1386 2089 audientes
1408 2055 1570 2089 haberent
1583 2054 1618 2088 in

186 2099 388 2134 sustinendis
409 2100 451 2132 ob
477 2098 599 2131 delicta
621 2098 753 2142 poenis,
776 2103 875 2141 prout
888 2098 967 2142 ipsis
982 2110 1022 2132 ea
1039 2098 1223 2132 coercenda
1238 2098 1450 2140 viderentur,
1474 2111 1539 2132 non
1555 2101 1616 2133 aba

185 2156 224 2179 re
239 2144 358 2178 milites
373 2155 445 2177 cum
461 2144 575 2176 animis
589 2143 656 2176 suis
671 2143 876 2185 cogitantes,
900 2153 972 2176 enm
997 2144 1053 2187 qui
1076 2154 1235 2176 annonam
1255 2150 1290 2176 et
1304 2143 1498 2187 stipendium
1514 2155 1617 2190 prae-

185 2190 282 2223 beret
295 2188 523 2232 delinquentes
537 2188 633 2221 etiam
652 2187 785 2230 punire,
809 2187 889 2219 nihil
903 2198 1004 2230 agere
1022 2194 1158 2232 praeter
1170 2186 1314 2220 officium
1331 2188 1515 2234 audebant,
1535 2200 1617 2234 par-

184 2234 245 2268 tim
274 2244 474 2267 annonarum
503 2233 744 2275 ademptionem
770 2231 887 2275 partim
906 2238 1115 2276 praesentem
1127 2232 1356 2266 coercitionem
1371 2233 1482 2267 veriti.
1529 2245 1616 2268 nunc

184 2290 259 2314 cum
286 2279 368 2313 alius
395 2278 439 2311 sit
458 2278 514 2322 qui
535 2277 733 2321 stipendium
749 2275 925 2317 exhibeat,
949 2277 1032 2311 alius
1050 2277 1141 2310 cuius
1156 2276 1294 2310 arbitrio
1309 2277 1443 2312 militum
1458 2278 1615 2313 coercitio

185 2324 232 2357 sit
245 2323 435 2364 commissa,
459 2321 567 2356 omnia
580 2333 642 2374 pro
659 2321 798 2364 imperio
814 2327 938 2363 agunt3
972 2333 1016 2356 ne
1033 2322 1137 2356 dicam
1152 2321 1306 2356 maiorem
1321 2334 1471 2356 annonae
1484 2328 1613 2368 partem

185 2369 279 2403 ducis
293 2374 328 2402 et
343 2367 563 2412 apparitorum
578 2366 681 2410 ipsius
699 2366 789 2398 lucro
804 2365 934 2400 cedere.

273 2414 330 2449 34.
376 2412 472 2446 Fecit
485 2417 520 2445 et
534 2411 623 2444 aliud
640 2410 793 2454 quiddam
809 2410 1067 2452 Constantinus,
1088 2410 1177 2454 quod
1193 2410 1224 2443 in
1240 2410 1402 2445 dicionem
1417 2411 1530 2456 populi
1544 2412 1614 2445 Ro-

183 2459 270 2492 mani
290 2458 429 2493 liberum
448 2456 601 2490 barbaris
623 2456 747 2489 aditum
772 2455 935 2499 praebuit.
983 2467 1058 2488 nam
1080 2467 1152 2488 cum
1171 2455 1339 2500 imperium
1356 2457 1538 2490 Romanum
1554 2468 1614 2490 ex—

182 2504 296 2537 tremis
320 2503 354 2537 in
383 2501 539 2536 limitibus
561 2500 683 2544 ubique
703 2499 901 2532 Diocletiani
924 2500 1149 2544 providentia,
1182 2501 1453 2544 quemadmodum
1474 2511 1497 2533 a
1517 2501 1612 2534 nobis

184 2559 287 2592 supra
300 2548 422 2581 dictum
438 2552 508 2589 est,
532 2545 659 2591 oppidis
675 2551 710 2578 et
724 2544 867 2577 castellis
881 2550 982 2589 atque
996 2544 1110 2588 burgis
1125 2544 1284 2578 inclusum
1301 2550 1408 2587 esset,
1433 2556 1610 2590 omnesque

186 2593 304 2636 copiae
330 2593 488 2626 militares
512 2591 547 2625 iu
572 2590 614 2624 iis
639 2588 836 2623 domicilium
862 2589 1042 2622 haberent:
1076 2589 1148 2621 fieri
1171 2601 1237 2622 non
1252 2594 1404 2633 poterat,
1426 2594 1463 2622 ut
1478 2589 1609 2623 barbari

183 2637 381 2679 transirent,
403 2636 526 2681 ubique
547 2635 650 2681 oopiis
666 2633 806 2667 bostium
822 2633 1087 2677 repellendorum
1102 2644 1202 2667 causa
1218 2635 1478 2668 occurrentibus.
1526 2635 1611 2668 hanc

208 2682 422 2716 raesidiorum
447 2681 656 2716 munitionem
677 2678 912 2712 Constantinus
926 2679 1078 2721 abolem,
1103 2678 1255 2712 maiorem
1271 2678 1406 2712 militum
1423 2683 1550 2724 partem
1567 2679 1610 2712 de

195 2726 340 2760 imitibus
364 2727 549 2762 submotam
559 2754 575 2771 ,
593 2725 628 2760 ἰιι
642 2722 774 2771 oppidis
788 2722 906 2758 nullius
924 2723 995 2769 opis
1011 2722 1185 2768 egentibus
1199 2723 1399 2765 collocavit3
1422 2734 1444 2757 a
1457 2723 1609 2759 barbaris
