1812 3016
266 73 362 118 278
892 70 1087 116 ZOSIMI

267 185 370 240 (23)
406 184 495 226 λιάν
516 181 654 239 ἴγνωκε
678 184 865 237 διαβῆναι
877 215 891 234 ,
935 181 1106 233 δεδιότες
1134 179 1192 238 μή
1218 199 1311 226 ποτε
1337 187 1470 234 κακῶς
1492 185 1708 226 διατεθεῖεν

267 252 396 310 τούτῳ
417 250 702 309 περιπεσόντες,
726 251 932 305 ἀπέβησαν
953 256 1023 306 τῆς
1041 250 1139 301 νεὼς
1157 252 1198 293 ἐν
1214 257 1297 301 τοῖς
1318 253 1405 307 περὶ
1429 251 1501 306 τὴν
1514 251 1709 307 ’Ήπειρον

267 319 416 372 τόποις,
438 322 504 362 καὶ
518 322 604 376 περὶ
618 324 689 374 τῆς
701 323 816 376 σφῶν
826 318 1107 373 βουλευόμενοι
1120 321 1319 375 σωτηρίας
1333 320 1470 375 (ἐποίει
1482 319 1560 375 γὰρ
1575 319 1710 367 αὐτοῖς

268 387 417 443 ταύτην
435 389 637 444 ἐπισφαλῆ
652 387 696 429 τὸ
713 391 786 430 τοῦ
798 386 1136 442 πλημμελήματος
1147 385 1415 444 ὑπερβάλλον)
1433 388 1570 444 καιρὸν
1584 384 1709 428 δεδώ-

269 473 361 498 κασι
379 462 461 506 τοῖς
480 456 579 511 παρ’
604 455 735 497 αὐτῶν
756 457 1067 512 φυλαττομένοις
1085 459 1227 512 φυγῆς.
1295 455 1420 512 ἕτεροι
1444 456 1490 497 δέ
1509 471 1633 511 φασιν
1656 452 1742 503 ὥςό

265 522 486 580 χρημάτων
507 524 642 573 αὐτοῖς
662 523 734 577 τὴν
757 523 898 580 ἄφεσιν
915 522 1259 580 ἐφιλοτιμήσαντο.
1328 523 1366 564 οἳ
1390 523 1456 575 δέ,
1491 522 1598 572 ὅπως
1618 522 1712 563 ποτὲ

270 593 479 648 διέφυγον,
513 592 575 632 ἐπὶ
604 591 675 645 τὴν
697 590 1118 634 Κωνσταντινούπολιν
1141 589 1426 641 ἐπανελθόντες
1447 591 1557 646 παρὰ
1579 594 1713 631 πᾶσαν

268 661 409 701 ἐλπίδα
431 663 490 716 τῷ
507 676 549 701 τε
567 662 732 712 βασιλεῖ’
748 661 814 701 καὶ
834 664 885 715 τῇ
899 661 1086 718 γερουσία
1107 661 1173 701 καὶ
1198 663 1297 701 πᾶσι
1326 666 1409 708 τοῖς
1443 658 1581 708 ἄλλοις
1610 655 1714 714 ἐφά-

269 744 407 782 νησαν.
435 727 618 769 ἐντεῦθεν
637 725 798 781 ηὐξήθη
813 732 863 783 τῇ
882 727 1117 784 συνοικούσῃ
1138 731 1195 785 τῷ
1213 731 1376 781 βασιλεῖ’
1391 726 1435 768 τὸ
1459 726 1562 768 κατὰ
1577 723 1714 767 Ἰωάν-

268 812 339 838 νου
357 799 431 837 τοῦ
447 798 527 836 τῶν
545 797 802 850 Χριστιανῶν
822 794 1035 837 ἐπισκόπου
1055 802 1196 849 μῖσος,
1226 793 1546 849 χαλεπαινούσης
1568 791 1711 850 πρότε-
1726 802 1770 837 10

272 880 344 919 ρον
360 863 433 916 μὲν
454 862 563 919 αὐτῷ
583 865 788 919 κωμῳὸεἴν
805 862 966 906 εἴωθότι
984 864 1087 905 κατὰ
1108 863 1182 913 τὰς
1203 862 1397 916 συνόδους
1421 862 1545 917 αὐτὴν
1566 863 1606 903 ἐν
1628 867 1715 912 ταῖς

269 930 372 987 πρὸς
399 929 444 972 τὸ
473 934 632 981 πλῆθος
653 929 848 984 ὁμιλίαις·
891 930 978 974 τότε
1010 932 1076 983 δέ,
1112 931 1214 985 μετὰ
1235 931 1308 985 τὴν
1333 929 1517 973 Ἰωάννου
1547 931 1614 971 καὶ
1637 933 1716 971 τῶν

269 997 402 1040 ἄλλων
421 996 635 1050 ἐπάνοδον,
679 1001 734 1049 εἷς
762 999 835 1053 τὴν
855 999 949 1041 κατ’
972 999 1099 1042 αὐτοῦ’
1120 1000 1352 1053 δυσμένειαν
1376 1000 1564 1055 ἐμφανῶς
1583 997 1717 1047 ἐξανέ-

268 1084 359 1120 στη.
426 1064 659 1122 πράττουσα
680 1067 723 1108 δὲ
742 1065 874 1109 πάντα
895 1067 987 1110 κατ’
1011 1069 1194 1117 ἐξουσίαν
1215 1069 1328 1109 ἐκίνει
1350 1067 1445 1117 τοὺς
1463 1063 1717 1119 πανταχόθεν

270 1131 508 1184 ἐπισκόπους
527 1134 628 1190 πρὸς
648 1134 721 1189 τὴν
738 1133 923 1177 Ἰωάννου
944 1137 1203 1193 καθαίρεσιν,
1235 1129 1290 1178 ὧν
1310 1129 1360 1190 ἦν
1380 1138 1538 1191 πρῶτος
1558 1135 1625 1175 καὶ
1645 1136 1715 1174 xo*—
1729 1140 1772 1179 15

271 1208 444 1258 ρυφαῒος
463 1200 484 1243 ὃ
503 1206 575 1256 τῆς
589 1203 886 1260 Ἀλεξανδρείας
907 1208 978 1258 τῆς
995 1206 1035 1246 ἐν
1055 1202 1252 1261 Αἰγύπτῳ
1278 1202 1489 1260 Θεόφιλος,
1519 1200 1540 1243 ὅ
1562 1205 1720 1258 πρῶτος

272 1268 494 1325 ἀρξάμενος
505 1274 578 1324 τῆς
587 1271 689 1312 κατὰ
699 1276 777 1312 τῶν
792 1272 906 1327 ἱερῶν
920 1274 986 1313 καὶ
1000 1276 1079 1314 τῶν
1092 1273 1133 1322 ἐξ
1147 1274 1290 1322 αἰῶνος
1303 1272 1481 1328 πατρίων
1494 1270 1720 1323 ἐπιβουλῆς.

270 1339 534 1392 προτεθείσης
548 1339 590 1378 δέ
603 1340 780 1394 κρίσεως,
803 1337 907 1394 ὁρῶν
925 1338 944 1380 ὃ
959 1338 1146 1395 Ἰωάννης
1166 1340 1237 1381 οὐκ
1257 1342 1299 1389 ἐξ
1318 1339 1406 1393 ἴσης
1420 1339 1530 1394 αὐτῷ
1544 1337 1596 1380 τὰ
1613 1334 1720 1392 πρά-

269 1422 405 1461 γματα
423 1406 692 1461 προβαίνοντα
708 1405 853 1463 ψήφου
877 1411 948 1461 τῆς
969 1405 1429 1456 Κωνσταντινουπόλεως
1449 1405 1549 1447 ἱκών
1569 1401 1720 1458 ἀνεχώ-

272 1490 345 1529 ρει.
413 1477 484 1514 τοῦ
509 1474 552 1514 δὲ
573 1472 757 1527 πλήθους
782 1475 846 1516 ἐπὶ
873 1473 1001 1532 τούτῳ
1022 1475 1370 1531 συνταραχθέντος
1400 1469 1476 1531 (ἦν
1497 1473 1574 1529 γὰρ
1601 1471 1622 1514 ὃ
1647 1472 1775 1516 &za-20

271 1545 440 1597 θρωπος
462 1540 607 1596 ἄλογον
627 1540 746 1595 ὄχλον
763 1540 1042 1597 ὑπαγαγέσθαι
1064 1543 1209 1598 δεινὸς)
1231 1541 1415 1599 θορύβου
1442 1543 1516 1595 μὲν
1541 1536 1590 1595 ἦν
1616 1538 1720 1594 πλή-

273 1626 346 1663 ρης
366 1606 391 1661 r1‘7
411 1607 545 1660 πόλις,
581 1609 797 1664 ἀπείληπτο
821 1611 864 1651 δὲ
885 1609 911 1664 ἡ
939 1615 1019 1652 τῶν
1040 1614 1298 1666 λ’ριστιανιῦν
1319 1611 1505 1663 ἐκκλησία
1530 1607 1607 1650 ὑπὸ
1641 1612 1721 1650 τῶν

272 1677 491 1731 λεγομένων
505 1681 706 1731 μοναχῶν.
776 1672 885 1719 οὗτοι
911 1679 954 1720 δέ
973 1677 1115 1733 γᾶμοις
1132 1686 1214 1728 τοῖς
1232 1678 1335 1720 κατὰ
1352 1677 1474 1731 νόμον
1495 1674 1719 1732 ἀπαγορεύ-

363 1771 516 1805 dimidio:
549 1771 646 1815 plura
676 1775 788 1805 tamen
810 1771 864 1805 hic
886 1772 1002 1807 deesse
1025 1772 1107 1807 satis
1132 1776 1184 1807 est
1209 1773 1430 1818 perspicuum,
1464 1771 1502 1806 S.
1548 1771 1583 1804 in
1606 1769 1721 1804 codice

361 1817 585 1851 bibliothecae
609 1816 833 1851 Coislinianae
859 1817 948 1852 inter
979 1817 1176 1863 οἰκήτορας
1207 1822 1242 1853 et
1271 1819 1354 1852 λίαν
1384 1817 1470 1851 duae
1491 1816 1639 1862 paginae
1662 1826 1723 1849 va-

363 1873 446 1895 cuae
465 1862 603 1896 relictae
620 1867 709 1897 sunt.
755 1863 801 1897 R.

275 1939 370 1983 (23)
394 1939 496 1973 veriti
510 1951 553 1972 ne
567 1939 652 1973 male
667 1942 904 1975 tractarentur.
950 1944 1168 1985 posteaquam
1190 1940 1225 1974 in
1249 1941 1314 1973 hoc
1329 1938 1542 1980 incidissent,
1573 1937 1607 1971 in
1624 1936 1722 1982 Epiri

273 1985 356 2018 locis
372 1996 391 2017 e
406 1985 485 2017 navi
500 1991 576 2018 sunt
590 1986 729 2028 egressi.
775 1985 920 2031 dumque
944 1988 986 2020 de
1009 1987 1117 2020 salute
1143 1996 1203 2020 sua
1230 1985 1474 2026 deliberarent,
1506 1994 1603 2028 quam
1624 1983 1722 2015 nimia

274 2029 388 2062 delicti
403 2029 593 2072 magnitudo
609 2030 773 2064 reddebat
787 2030 919 2065 dubiam
933 2057 944 2073 ‚
978 2032 1081 2075 fugae
1096 2032 1239 2077 spatium
1256 2033 1494 2063 concesserunt
1506 2028 1546 2062 iis
1563 2038 1646 2072 quos
1661 2038 1722 2060 cu-

273 2074 475 2109 stodiebant.
528 2074 582 2107 alii
598 2075 679 2108 data
694 2077 836 2119 pecunia
852 2077 1004 2110 dimissos
1021 2077 1126 2111 fuisse
1142 2080 1290 2109 narrant.
1335 2074 1383 2108 illi
1401 2086 1496 2115 vero,
1520 2083 1723 2118 quocunque

273 2119 409 2152 tandein
425 2118 519 2152 modo
537 2131 688 2161 evasere,
713 2121 839 2165 Cpolim
858 2128 994 2166 praeter
1009 2133 1136 2155 omnem
1152 2132 1244 2166 spem
1260 2119 1411 2163 reversi,
1436 2118 1600 2164 principi,
1622 2129 1722 2151 sena-

275 2165 346 2206 tui,
377 2164 515 2208 reliquis
530 2164 678 2198 omnibus
694 2176 731 2199 se
747 2167 997 2210 conspiciendos
1014 2167 1243 2200 exhibuerunt.
1288 2166 1366 2199 hinc
1380 2172 1512 2199 auctum
1528 2163 1594 2197 fuit
1610 2163 1722 2196 odium

276 2212 450 2253 Augustae
476 2215 591 2242 contra
613 2210 769 2243 Ioannem
794 2211 1058 2245 Christianorum
1082 2212 1290 2256 episcopum,
1324 2221 1411 2255 quae
1436 2210 1529 2254 prius
1553 2208 1650 2242 etiam
1673 2207 1722 2240 illi

277 2259 512 2297 succenseret,
536 2254 625 2298 quod
643 2266 712 2287 eam
730 2255 870 2299 publicis
883 2256 918 2289 in
937 2258 1170 2300 congressibus
1182 2283 1192 2300 ‚
1226 2255 1357 2300 quoties
1373 2255 1413 2288 ad
1429 2255 1560 2300 plebem
1577 2253 1722 2287 dissere-

278 2305 344 2342 ret,
363 2298 594 2344 perstringere
608 2306 812 2334 consuesset.
858 2301 891 2334 in
908 2302 971 2335 hoc
987 2303 1117 2346 quidem
1134 2307 1295 2346 tempore,
1319 2305 1397 2345 post
1415 2299 1548 2333 loannis
1563 2299 1721 2332 aliorum-

280 2357 346 2390 que
362 2345 523 2387 reditum,
557 2344 665 2388 palam
686 2344 719 2377 in
747 2356 820 2378 eum
845 2345 967 2379 infesto
993 2347 1100 2380 animo
1127 2357 1202 2379 esse
1217 2345 1340 2390 coepit.
1386 2355 1526 2390 cumque
1542 2347 1722 2377 cunctaex

279 2391 377 2424 animi
394 2389 531 2423 libidine
545 2394 698 2433 gereret,
730 2389 872 2424 omnium
899 2391 1045 2425 locorum
1073 2392 1250 2436 episcopos
1273 2390 1316 2424 ad
1331 2390 1547 2424 deiiciendum
1568 2389 1643 2422 loco
1659 2398 1719 2420 suo

279 2437 432 2469 Ioannem
448 2434 619 2475 concitat3
650 2434 738 2468 inter
765 2445 848 2478 quos
872 2436 996 2480 primus
1020 2441 1055 2470 et
1078 2447 1220 2470 summus
1236 2441 1310 2469 erat
1324 2434 1567 2468 Alexandrinae
1582 2432 1673 2466 urbis
1686 2431 1722 2465 in

279 2483 437 2526 Aegypto
456 2480 595 2514 antistes
609 2479 836 2524 Theophilus,
872 2481 928 2524 qui
953 2482 1076 2525 primus
1103 2493 1200 2515 sacra
1221 2480 1432 2525 patritosque
1455 2480 1539 2512 ritus
1563 2482 1721 2511 aeternos

281 2537 478 2569 oppugnare
493 2525 613 2571 coepit.
659 2525 902 2568 disceptatione
918 2527 1103 2570 proposita,
1122 2538 1193 2559 cum
1210 2526 1340 2559 videret
1355 2527 1494 2559 loannes
1509 2523 1596 2557 haud
1611 2533 1720 2567 aequo

279 2571 403 2604 iudicio
425 2582 558 2604 causam
580 2581 674 2607 suam
689 2570 844 2611 tractari,
879 2570 978 2614 Cpoli
992 2576 1112 2615 sponte
1126 2581 1185 2604 sua
1201 2571 1364 2605 discessit.
1409 2571 1451 2603 ob
1467 2580 1540 2602 eam
1556 2579 1626 2601 rem
1642 2578 1721 2613 per-

281 2617 416 2649 turbata
434 2615 542 2659 plebe,
558 2615 688 2660 quando
706 2615 759 2648 vir
773 2615 828 2648 hic
841 2614 1016 2660 imperitae
1031 2617 1136 2661 plebis
1152 2616 1276 2650 animos
1293 2614 1475 2649 admirabili
1489 2613 1630 2658 quadam
1646 2616 1720 2646 arte

281 2661 343 2694 sibi
359 2661 523 2694 subiicere
536 2665 689 2705 poterat,
722 2660 823 2705 plena
838 2661 999 2694 tumultus
1018 2663 1097 2694 urbs
1114 2658 1206 2702 erat}
1240 2661 1372 2704 iamque
1387 2660 1471 2693 adeo
1487 2660 1600 2691 suerat
1616 2658 1722 2691 intet-

283 2710 380 2750 cepta
397 2706 662 2749 Christianorum
683 2706 726 2739 ab
746 2705 786 2738 iis
815 2705 955 2739 ecclesia
977 2706 1034 2750 qui
1052 2706 1202 2739 monachi
1218 2711 1391 2742 vocantur.
1439 2704 1473 2738 hi
1487 2703 1643 2748 legitimis
1658 2713 1721 2736 nu-
