1812 3016
394 87 852 133 'commNTAmUs
885 86 1233 132 HISTORICUS.
1453 81 1548 131 401

103 242 106 244 ,
218 196 351 252 μ248
360 212 399 237 v.
416 200 477 238 13.
507 208 598 236 cum
614 198 741 249 primo
759 195 823 234 die
842 194 1006 234 adversa
1022 196 1179 234 fortuna
1197 194 1248 233 ad
1259 202 1414 232 noctem
1424 206 1552 247 usque

111 253 343 295 dimicatum
363 261 489 303 esset,
525 260 640 291 nocte
665 253 872 291 subsecuta
886 251 1137 290 Theodosius
1160 258 1270 303 parte
1297 251 1553 289 barbarorum

110 310 433 362 cmnArbogaste
456 308 507 347 ad
535 308 760 361 occupanda
787 307 930 346 idonea
958 308 1044 346 loca
1073 309 1283 346 missorum
1309 305 1359 344 ad
1384 321 1426 345 se
1452 306 1552 344 defi-

109 368 251 415 ciente,
281 379 377 404 mox
393 378 524 417 pugna
546 366 648 402 facta
666 365 821 402 turbine
839 365 998 401 fortuito
1019 363 1175 402 adiutus
1195 365 1397 401 victoriam
1416 376 1552 414 repor-

108 429 180 462 tat.
235 421 317 459 vid.
341 421 575 460 Ambrosius
591 422 672 472 (ep.
694 420 786 471 62),
815 418 1055 458 Claudianus
1077 418 1136 470 (in
1156 421 1180 459 3
1201 432 1308 460 cous.
1330 421 1479 457 Honor.
1498 420 1552 460 63

109 490 222 532 seqq.
245 484 284 516 et
297 479 338 515 in
359 479 386 520 4
406 490 513 515 cons.
535 479 682 514 Honor.
703 478 756 516 69
775 474 920 528 seqq.)‚
952 476 1111 514 Orosius
1131 475 1176 526 (7
1206 474 1292 524 35).

219 532 274 571 ib.
298 546 337 571 v.
361 532 427 575 14.
483 539 575 570 sunt
594 534 635 569 in
663 530 725 569 his
754 531 943 568 nonnulla
976 531 1024 568 ab
1055 531 1222 569 aliomm
1253 529 1330 568 fide
1360 530 1489 567 aliena
1514 535 1554 567 et

108 597 316 643 propterea
333 589 375 627 in
394 587 585 626 invidiam
606 588 772 625 auctoris
791 600 916 625 versa.
955 586 1003 624 de
1022 584 1178 625 defectu
1199 587 1294 624 solis
1315 586 1384 624 alii
1406 592 1552 634 tacent,

108 644 180 686 sed
195 651 471 697 tempestatem
489 650 670 691 narrant3
710 655 811 695 quae
835 644 985 694 ingenti
1009 650 1216 681 ventorum
1236 643 1276 680 vi
1297 649 1449 689 coorta,
1478 654 1554 678 nec

108 714 202 740 vero
228 702 355 753 prhno
376 699 447 738 sed
476 701 599 738 altero
629 698 714 747 die,
750 698 818 736 ubi
843 698 1060 737 secundum
1082 698 1383 749 confligebatur,
1419 696 1554 735 hostes

108 754 327 795 Theodosii
345 758 399 794 ita
418 759 577 794 vexavit
596 768 641 793 ac
662 754 832 792 turbavit
856 762 898 792 ut
918 755 1032 792 facile
1048 757 1134 805 ipse
1156 755 1334 805 superior
1354 753 1553 791 evaderet.

108 813 205 851 solis
235 819 368 850 autem
388 813 546 864 eclipsis
574 813 654 849 iam
673 812 802 863 priore
829 823 955 859 anno,
986 809 1323 863 quemadmodum
1346 822 1367 846 a
1384 809 1555 846 Marcel-

107 868 191 907 lino
210 867 439 907 adnotatum
457 875 529 915 est,
558 869 699 918 ingens
717 867 816 913 fuit3
847 879 949 903 anno
969 866 1049 908 394
1072 879 1175 913 vero,
1193 879 1269 918 quo
1286 866 1437 903 bellum
1452 863 1555 901 illud

108 931 286 976 gestum,
323 924 488 975 paulum
516 921 636 961 modo
660 930 697 960 et
724 930 766 959 ut
788 923 828 959 in
853 922 948 960 Asia
975 922 1112 959 sentiri
1136 929 1292 973 posset,
1332 921 1391 959 sol
1411 919 1557 958 defecit

109 979 175 1019 die
198 982 247 1021 16
265 980 414 1031 Aprilis
439 978 534 1017 hora
562 978 808 1030 vespertina,
845 985 1032 1030 sequente
1056 991 1159 1015 anno
1186 979 1267 1020 395
1294 984 1374 1015 toto
1391 977 1483 1014 orbe
1505 972 1557 1013 ad

110 1042 287 1074 centrum
315 1049 438 1088 usque
464 1034 527 1072 die
560 1036 610 1076 16
627 1035 776 1086 Aprilis
804 1031 902 1071 hora
929 1035 1132 1071 matutina.
1191 1031 1272 1070 vid.
1297 1033 1556 1084 Chrouologie

108 1091 177 1130 des·
195 1091 377 1143 Eclipses
387 1105 470 1142 par
488 1092 572 1128 Mr.
597 1090 766 1141 Pingre',
795 1089 818 1126 ἓι
836 1091 946 1127 Paris
972 1092 1075 1131 1766
1101 1089 1171 1127 sol.

218 1161 259 1199 p.
278 1146 360 1190 244
382 1161 423 1185 v-
447 1149 510 1189 12.
567 1146 618 1183 ad
639 1145 713 1184 hoc
734 1153 850 1196 eaput
871 1144 1039 1197 pertinet
1060 1146 1127 1182 lex
1145 1144 1170 1186 9
1190 1157 1224 1180 c.
1243 1141 1324 1181 Th.
1343 1141 1392 1181 de
1409 1143 1556 1182 infirm.

108 1198 195 1252 his,
232 1215 334 1255 quae
360 1203 432 1240 sub
451 1209 607 1254 tyrann.
626 1202 655 1239 l.
678 1205 742 1243 11.
766 1205 815 1242 12
836 1203 920 1238 eins
938 1203 998 1238 tit.
1020 1201 1104 1238 etl.
1129 1202 1155 1240 9
1172 1198 1222 1237 de
1245 1198 1433 1238 desertor.
1489 1201 1554 1236 in-

108 1259 248 1311 primis
263 1260 467 1311 sequentia
484 1259 611 1309 capita
629 1256 720 1295 hinc
737 1258 864 1295 lucem
883 1258 1092 1308 accipiunt.
1124 1256 1266 1293 Riuer.
1327 1269 1405 1294 non
1423 1257 1557 1293 omnia

110 1321 332 1367 congruunt
354 1327 455 1367 quae
486 1311 535 1351 de
555 1314 717 1365 proeliis
745 1314 965 1351 commissis
992 1319 1032 1349 et
1054 1313 1217 1349 victoria
1245 1318 1357 1362 parta
1378 1309 1556 1348 tradide-

108 1377 202 1412 runt
219 1369 450 1408 Ambrosius
469 1363 578 1421 (dir.
600 1368 666 1421 3),
694 1369 938 1407 Sozomenus
960 1367 1009 1419 (7
1037 1367 1143 1419 24),
1173 1368 1354 1406 Socrates
1376 1367 1431 1419 (5
1460 1367 1556 1417 25),

111 1424 272 1465 Orosius
292 1427 337 1478 (7
365 1425 452 1478 85),
480 1423 755 1464 Theodoretus
774 1424 820 1476 (5
849 1424 936 1475 24),
966 1423 1130 1462 Rufinus
1149 1422 1195 1473 (2
1222 1422 1309 1474 83).

222 1480 356 1537 p.245
369 1494 408 1518 v.
421 1484 462 1524 3.
493 1480 544 1518 ad
555 1480 638 1519 h.1.
660 1480 710 1518 cf.
731 1481 801 1518 lib.
822 1481 849 1523 5
878 1482 931 1522 38
951 1492 993 1531 p.
1010 1479 1089 1521 801
1125 1483 1171 1520 11
1190 1491 1301 1531 seqq.
1330 1476 1450 1529 paulo
1466 1483 1558 1515 ante

111 1543 270 1576 senatus
287 1548 367 1575 non
384 1536 427 1574 in
446 1538 625 1574 animum
644 1535 794 1574 inducit
822 1538 1113 1586 συνενεχθῆναι
1142 1538 1226 1581 τοῖς
1254 1534 1347 1585 περὶ
1373 1531 1448 1583 τήν
1475 1534 1558 1573 τᾶν

109 1595 224 1634 θεαῖν
252 1587 490 1634 &nonnum
520 1589 813 1643 καταφρόνησιν
822 1607 835 1639 ,-
874 1604 948 1627 nec
965 1591 1080 1627 aliter
1097 1588 1241 1627 Suidas
1266 1590 1308 1626 in
1333 1585 1557 1637 Θεοδόσιος.

110 1655 155 1686 nt
174 1647 274 1686 adeo
294 1649 345 1686 sit
366 1646 514 1685 dictum
533 1643 761 1688 οἷποκλίνειν
786 1645 876 1697 περὶ
902 1643 978 1697 τήν
1003 1641 1324 1696 καταφρόνησιν,
1355 1641 1463 1696 quod
1484 1642 1557 1680 de-

107 1703 227 1742 bebat
244 1717 329 1742 esse
342 1703 398 1750 εἷς
409 1705 472 1741 vel
492 1702 557 1744 ἐπὶ
575 1701 649 1754 τήν
667 1699 964 1753 καταφρόνησιν
981 1703 1062 1740 τῶν
1079 1703 1201 1740 θεῶν.
1230 1700 1271 1736 in
1290 1712 1403 1751 seqq.
1421 1700 1557 1751 aliqua

108 1758 263 1798 laxatio
290 1759 420 1797 verbis
452 1758 618 1797 insidet:
654 1772 733 1796 nou
764 1759 871 1794 enim
902 1755 1111 1794 cohaerent
1132 1758 1214 1795 ταῖν
1236 1753 1280 1796 δὲ
1302 1751 1384 1795 ἇπὸ
1404 1758 1476 1806 τῆς
1494 1769 1559 1807 γε·

109 1813 274 1868 ρουσίας
301 1835 354 1842 -
385 1811 580 1855 εἰπόντων
607 1836 662 1843 -
686 1813 714 1865 ἦ
733 1812 932 1863 Ῥωμαίων
952 1809 1178 1864 ἐπικράτεια
1206 1833 1259 1839 -
1290 1810 1447 1863 γέγονε,
1483 1810 1557 1848 etsi

109 1884 184 1908 nec
200 1871 315 1908 aliter
330 1869 473 1908 suidas
492 1871 604 1922 legit.
662 1877 705 1907 ut
726 1866 884 1906 medela
906 1868 987 1916 fiat,
1014 1866 1237 1905 tollendum
1256 1867 1421 1904 arbitror
1442 1861 1485 1906 d}
1506 1866 1555 1903 ab

110 1925 224 1967 initio
236 1956 248 1975 ,
282 1933 328 1964 ut
345 1925 464 1963 verba
481 1929 562 1966 τῶν
583 1921 670 1966 α’πὸ·
680 1928 752 1976 τῆς
769 1924 978 1978 γερουσίας
1003 1924 1216 1974 iungantur
1235 1935 1325 1960 cum
1343 1923 1558 1973 superiori-

108 1982 209 2031 bus;
250 1988 290 2019 et
310 1994 408 2020 mox
425 1981 787 2034 interpungendum
806 1987 896 2031 post
916 1977 1050 2027 ὄντος,
1088 1986 1131 2016 ut
1158 1980 1439 2017 sententiarum
1461 1976 1557 2016 ordo

111 2038 184 2076 sit:
214 2035 302 2079 τότε
327 2037 378 2089 δή
398 2035 423 2078 o‘
442 2034 656 2084 Θεοδόσιος
681 2033 725 2078 τὸ
756 2037 793 2077 δ.
820 2035 924 2089 ἔλεγε
943 2054 991 2063 -·-
1012 2030 1244 2087 χρημάτων,
1283 2036 1365 2074 τοῖν
1382 2028 1465 2074 uino*
1485 2036 1559 2085 τῆς

109 2094 319 2146 γερουσίας
337 2090 393 2145 μή
408 2091 507 2133 κατὰ
524 2090 679 2145 θεσμόν
700 2089 895 2132 εἰπόντων
910 2087 1155 2140 πράττεσθαι
1167 2086 1216 2130 τα“
1234 2087 1470 2140 τελούμενα,
1499 2086 1555 2140 μὴ

109 2149 305 2200 δημοσίου
327 2151 403 2189 τοῦ
419 2147 703 2201 δαπανήματος
722 2146 849 2194 ὄντος.
905 2145 972 2186 διοὶ
994 2142 1112 2187 τοῦτό
1132 2161 1173 2185 τε
1194 2145 1241 2196 (l.
1266 2143 1328 2194 δὲ)
1349 2147 1422 2186 τοῦ
1442 2149 1559 2195 θυη-

108 2202 280 2245 πολικοῦ
309 2207 468 2256 θεσμοῦ
495 2200 689 2257 λήξαντος
720 2203 836 2254 (suut
865 2203 985 2240 verba
1009 2203 1232 2254 scriptoris,
1273 2214 1353 2238 non
1380 2198 1558 2249 senatus)

108 2259 177 2301 nul
195 2262 277 2300 τοῖν
296 2276 332 2299 α.
390 2261 451 2298 Η.

221 2328 263 2366 p.
285 2315 367 2358 245
382 2329 421 2353 V.
441 2315 483 2358 4.
540 2328 620 2353 non
637 2313 834 2352 immerito
852 2313 1006 2351 mireris
1022 2311 1176 2350 nullam
1194 2325 1216 2349 a
1237 2310 1395 2349 Zosimo
1413 2308 1560 2345 factam

110 2383 198 2408 esse
218 2372 547 2410 memorationem
565 2370 614 2408 de
632 2368 873 2407 restituenda
893 2383 959 2407 ara
971 2368 1165 2408 Victoriae
1181 2369 1224 2406 in
1243 2372 1381 2405 senatu
1395 2366 1560 2412 Romae,

111 2439 214 2478 quae
237 2439 300 2464 res
319 2425 371 2463 ad
390 2438 427 2463 a.
448 2427 530 2468 384
546 2433 717 2478 spectat,
761 2423 897 2465 libello
916 2438 939 2463 a
959 2423 1199 2477 Symmacho
1219 2422 1344 2475 praes.
1367 2420 1454 2457 urb.
1479 2421 1561 2458 Va·-

110 2482 330 2520 lentiniano
349 2482 495 2520 oblato.
537 2494 576 2519 v.
600 2484 683 2519 eius
700 2483 866 2532 Epistol.
885 2482 956 2518 lib.
981 2484 1031 2522 10
1059 2482 1129 2522 54.

221 2551 263 2588 p.
287 2537 368 2579 246
388 2551 427 2574 v.
446 2538 486 2578 5.
542 2551 624 2576 non
643 2539 793 2575 Romae
812 2537 883 2575 sed
899 2536 1117 2574 Mediolani
1132 2533 1330 2572 Honorius
1348 2531 1561 2581 imperator

111 2591 238 2630 factus
261 2599 333 2630 est.
391 2592 473 2630 vid.
492 2595 594 2645 Pagi
616 2594 711 2631 erit.
732 2595 877 2631 Baron.
897 2592 949 2630 ad
967 2606 1004 2630 a.
1022 2591 1119 2633 395.

221 2647 276 2685 ib.
298 2661 337 2685 v.
358 2650 399 2688 6.
455 2647 692 2687 vertendum
715 2656 774 2687 est
803 2645 978 2689 ἐπανιών
1007 2659 1088 2684 non
1120 2645 1217 2682 dum
1241 2642 1464 2686 revertitur,
1492 2637 1565 2678 sed

110 2702 207 2740 dum
222 2716 449 2741 revers-lma
464 2713 547 2742 παι
565 2706 628 2757 (ut
646 2705 716 2742 lib.
729 2708 757 2746 2
773 2718 807 2742 c.
825 2707 874 2746 17
892 2718 933 2755 p.
945 2706 999 2744 82
1020 2702 1079 2752 5),
1103 2701 1197 2752 quia
1216 2712 1297 2736 ⁰01¹
1313 2696 1433 2735 modo
1445 2696 1564 2734 oetefi

172 2763 342 2797 Zosimus.
1234 2757 1289 2795 26
