1812 3016
265 63 362 114 364
607 111 610 113 ,
799 69 1161 115 REITEMEIERI

375 189 415 227 p.
435 178 514 218 107
532 190 570 216 v.
594 179 658 219 12.
714 177 796 217 vid.
825 180 977 218 Comm.
1002 181 1082 232 leg.
1102 182 1126 222 1
1153 179 1202 218 de
1219 179 1387 220 immun.
1406 184 1578 223 concess.
1599 195 1700 236 quae

264 230 358 272 huic
375 234 604 272 Marcellino
623 235 859 274 inscribitur.
915 238 1060 275 Ritter.

377 301 418 339 p-
441 291 518 331 108
543 303 583 327 v·
603 292 642 331 9.
700 290 965 344 Μαγνέντιον.
1023 292 1104 331 vid.
1130 293 1282 331 Comm.
1308 291 1414 332 a‘dJ.
1433 292 1461 335 5
1484 306 1519 333 ο.
1542 292 1623 332 Th.
1649 292 1700 332 de

265 346 442 396 paganis.
503 346 647 384 Ritter.

225 398 229 402 ’
288 441 291 443 ,
376 400 429 437 ib.
451 414 490 438 v.
512 402 577 442 13.
636 403 857 441 Constantis
883 417 1043 453 necem,
1072 405 1380 453 narrationibus,
1412 410 1456 442 ut
1477 417 1529 442 ex
1548 405 1701 442 Zonara

268 456 320 496 13
351 458 376 497 6
404 463 530 507 patet,
568 471 639 508 per
662 460 866 508 scriptores
894 462 1084 498 variatam
1114 461 1344 511 diverseque
1371 458 1574 508 traditam,
1602 473 1700 497 num

266 512 385 551 Gaiso
402 515 704 563 perpetraverit,
733 515 842 554 locus
857 516 1013 554 Libanii
1043 517 1128 569 (or.
1151 519 1176 558 6
1199 530 1240 567 p-
1262 517 1342 558 110
1363 514 1427 554 ed·
1448 517 1701 567 Bongiovan-

265 565 346 618 nii)
378 567 539 606 dubium
563 570 669 607 facit.

377 623 431 661 z'b.
455 637 493 662 v.
515 626 582 666 16.
639 627 682 662 in
711 628 907 678 occupatis
937 641 1008 679 per
1033 628 1303 679 Magnenti-am
1330 628 1540 679 provinciis
1567 627 1703 666 Africa

268 690 423 731 quoque
445 679 550 731 apud
570 682 804 732 Eutropium
827 690 865 720 et
885 684 1085 721 Socratem
1104 691 1344 721 numeratur.

380 735 434 772 ih.
458 749 497 773 v.
516 738 585 776 20.
642 737 821 775 Socrates
849 740 950 776 Hist.
979 741 1129 777 Eccles.
1151 742 1178 780 2
1206 742 1260 780 32
1289 739 1438 791 (quem
1465 737 1518 777 ad
1539 738 1704 776 verbum

269 791 445 842 sequitur
462 792 702 831 Sozomenus
722 792 749 833 4
778 794 830 844 7)
864 795 1038 832 Mursam
1062 801 1176 833 vocat
1200 793 1397 846 φρούριον
1417 797 1499 836 τῶν
1516 795 1705 843 Γαλλιῶν,

270 847 422 884 Galliae
455 848 670 886 castellum.
729 848 952 900 Stephanus
981 853 1221 902 Byzantinus
1244 847 1398 903 Μύρσα
1417 847 1526 898 πόλις
1543 845 1703 898 Ἰωνίας,

269 903 410 952 κτίσμα
424 898 640 954 Ἀδριανοῦ.
699 918 751 942 ex
765 907 923 943 Zosimo
941 907 1163 958 Stephanus
1181 905 1431 957 corrigendus
1447 913 1486 944 et
1501 905 1707 952 Παιωνίας

270 971 341 1008 pro
359 953 507 1006 Ἰωνίας
526 959 798 997 scribendum:
829 962 1005 1000 Socrates
1027 971 1159 1001 autem
1181 963 1305 1000 falsus
1327 970 1405 1011 est,
1433 969 1477 999 ut
1493 961 1633 999 itidem
1653 973 1707 998 ex

270 1021 404 1054 nostro
437 1015 599 1053 clarum.
654 1029 730 1053 nec
756 1016 942 1055 audiendi
968 1020 1036 1070 qui
1064 1021 1183 1056 aliam
1205 1019 1378 1066 Galliae,
1408 1019 1526 1055 aliam
1546 1019 1707 1054 Panno-

268 1070 357 1106 niae
375 1072 549 1108 Mursam
569 1078 755 1110 statuunt.
802 1071 900 1111 haec
924 1075 1122 1126 Scalcjgeri
1139 1075 1256 1112 verba
1273 1073 1471 1112 adnotavit
1495 1073 1702 1111 Cellarius.

381 1125 435 1162 ih.
460 1139 498 1164 v.
525 1128 588 1167 19.
645 1140 871 1180 quanquam
888 1131 929 1167 in
948 1130 1181 1169 declaranda
1197 1144 1268 1182 per
1283 1131 1560 1168 Vetranionem
1577 1130 1706 1180 impe-

271 1181 321 1218 rii
349 1184 498 1219 ratione
527 1181 731 1221 dissentire
760 1187 966 1236 scriptores
991 1186 1193 1235 videntur,
1225 1185 1319 1223 dum
1339 1187 1518 1224 Zosimus
1534 1185 1708 1222 militnm

272 1251 364 1285 eum
389 1237 584 1288 suffragiis
604 1241 881 1290 imperatorem
900 1243 1048 1280 factum
1066 1242 1206 1290 tradit,
1234 1243 1409 1280 Iulianus
1438 1241 1513 1294 (or.
1536 1243 1556 1281 1
1575 1254 1616 1292 p-
1634 1238 1706 1291 47)

269 1306 343 1343 per
371 1294 642 1330 Constantium
670 1297 820 1346 ipsum,
851 1304 895 1334 ut
923 1296 1085 1336 haberet
1106 1300 1254 1336 scilicet
1272 1311 1391 1349 quem
1409 1297 1627 1348 Magnentii
1641 1297 1709 1332 in-

271 1350 441 1388 cursioni
457 1357 682 1399 opponeret,
714 1358 752 1387 et
767 1351 1051 1404 Philostorgius
1069 1368 1139 1405 per
1159 1355 1423 1391 Constantiam
1442 1365 1614 1390 sororem
1627 1352 1708 1387 im-

267 1406 457 1455 peratoris
477 1404 695 1443 diademate
713 1408 847 1455 misso,
877 1407 1075 1447 dissensus
1092 1417 1226 1448 tamen
1243 1410 1311 1446 ille
1326 1410 1459 1446 nullus
1475 1409 1560 1456 erit,
1590 1406 1708 1444 dum-

268 1458 386 1498 modo
406 1461 578 1511 priinum
596 1475 617 1498 a
637 1463 871 1501 Vetranione
895 1478 987 1502 vere
1009 1465 1233 1504 affectatum
1249 1466 1459 1516 imperium
1477 1471 1709 1511 statuamus,

268 1523 407 1567 postea
438 1523 568 1554 autem
595 1530 684 1554 cum
703 1518 954 1569 tyrannidem
969 1523 1051 1558 iam
1071 1528 1299 1572 occupatam
1315 1527 1486 1568 teneret,
1514 1533 1586 1570 per
1604 1520 1710 1556 Con-

272 1573 460 1611 stantium
473 1601 483 1620 ,
513 1586 563 1610 ne
583 1585 673 1610 cum
692 1572 844 1612 duobus
863 1576 939 1612 sibi
957 1579 1134 1628 tyrannis
1152 1579 1335 1614 societate
1353 1577 1568 1614 coniunctis
1588 1573 1710 1611 dimi-

271 1627 442 1668 candum
472 1628 594 1675 foret,
625 1636 861 1679 potestatem
893 1633 976 1669 eius
1009 1631 1060 1670 ad
1090 1635 1263 1683 speciem
1285 1633 1405 1670 fuisse
1429 1631 1710 1670 confirmatam.

273 1685 336 1720 cui
362 1682 523 1735 quidem
550 1686 606 1721 rei
636 1687 721 1735 ipse
740 1685 890 1724 fraudis
910 1689 1040 1727 exitus
1057 1695 1096 1726 et
1111 1689 1357 1728 Vetranionis
1379 1686 1545 1725 deiectio
1563 1687 1611 1724 ab
1630 1687 1710 1724 im·-

270 1741 379 1790 perio
401 1741 493 1777 satis
515 1740 738 1791 respondet.

384 1795 437 1832 ib.
466 1809 504 1833 v.
520 1799 587 1837 23.
644 1797 916 1837 laxamentum
940 1806 1074 1838 tamen
1099 1800 1322 1838 constantio
1348 1798 1478 1847 dedit,
1506 1795 1612 1850 quod
1632 1797 1711 1835 Sa·-

273 1852 361 1902 pori
381 1850 431 1887 ad
451 1853 690 1902 Massagetas
703 1883 713 1901 ,
743 1856 986 1893 incursantes
1008 1858 1216 1894 Persarum
1235 1856 1353 1905 fines,
1382 1855 1534 1893 bellum
1552 1859 1710 1892 verten-

275 1905 371 1944 dum
389 1914 490 1953 erat,
523 1910 664 1945 Zonar.
690 1912 738 1950 13
756 1923 797 1959 Ρ.
818 1911 885 1950 11.

384 1975 425 2012 p-
457 1964 534 2004 109
561 1976 599 2000 V·
631 1967 669 2003 6.
725 1966 884 2003 Aurelio
912 1968 1010 2005 Vict.
1045 1981 1078 2006 c.
1105 1966 1159 2009 42
1187 1973 1305 2015 teste,
1343 1966 1601 2017 Nepotianus,
1641 1963 1710 2015 qui

274 2030 394 2068 prave
414 2017 518 2067 apud
541 2032 631 2057 eum
649 2021 904 2058 Potentiauus
922 2024 1121 2071 scribitur,
1152 2029 1337 2073 occupata
1354 2020 1560 2072 tyrannide
1579 2033 1710 2057 arma-

277 2081 358 2111 tam
388 2073 648 2123 gladiatorum
677 2088 838 2114 manum
867 2076 1025 2128 habuit,
1056 2086 1094 2117 et
1116 2078 1233 2116 caede
1255 2079 1380 2116 multa
1405 2079 1448 2115 in
1474 2078 1578 2114 cives
1605 2074 1711 2113 edita

275 2129 414 2168 urbem
431 2131 558 2180 ipsam
579 2133 717 2168 tenuit.

388 2199 427 2235 p.
451 2187 529 2225 110
550 2199 589 2222 v.
613 2189 650 2225 1.
706 2187 932 2238 frequentes
957 2190 1061 2227 inter
1085 2190 1355 2240 Magnentium
1374 2189 1651 2228 vetranionem
1672 2191 1711 2223 et

277 2241 547 2280 Constantium
571 2242 808 2291 legationes,
841 2257 863 2280 a
887 2247 1045 2283 Zosimo
1065 2247 1224 2284 confuse
1244 2253 1281 2283 et
1295 2245 1517 2296 perturbate
1534 2242 1710 2291 traditas,

276 2297 555 2336 Tillemontius
575 2296 746 2335 studiose
762 2300 947 2349 explicat.

387 2352 439 2391 ib.
466 2366 503 2390 v-
525 2355 564 2393 3.
622 2353 678 2401 εἰς
702 2350 833 2394 ταύτό.
889 2355 940 2392 ad
960 2358 1165 2405 Naissum,
1194 2357 1434 2407 Hieronymo
1457 2355 1500 2392 in
1521 2352 1712 2392 chronico

275 2414 389 2446 teste.
451 2408 595 2446 Cellar.

387 2463 441 2500 ib.
464 2478 503 2501 v.
523 2466 561 2503 8.
617 2470 800 2501 monente
822 2464 873 2501 ad
892 2465 1101 2504 Guthrium
1118 2468 1279 2514 Rittero,
1308 2479 1388 2503 non
1405 2466 1560 2516 generis
1580 2463 1713 2513 (11ξηί-

279 2527 358 2568 tas,
389 2519 459 2557 sed.
488 2521 717 2568 auctoritas,
747 2519 854 2572 quod
883 2523 1037 2573 imperii
1062 2524 1165 2573 gesti
1185 2524 1298 2559 annis
1316 2523 1508 2573 praeiret,
1540 2521 1711 2570 priorem

280 2574 436 2613 dicendi
453 2576 585 2614 locum
606 2574 726 2614 dedit.

390 2631 443 2669 ih.
467 2645 505 2668 v.
530 2632 593 2674 15.
650 2631 770 2669 fidem
795 2630 1029 2670 habebimus
1059 2635 1250 2670 maiorem
1270 2632 1422 2670 Iuliano
1450 2631 1534 2681 (or.
1558 2633 1578 2671 1
1601 2643 1639 2680 p.
1659 2631 1714 2670 30

279 2686 335 2724 ibi
352 2686 554 2739 Spanh.)‚
585 2687 653 2741 qui
678 2701 757 2726 non
784 2689 956 2727 militum
981 2689 1022 2727 vi
1052 2696 1090 2726 et
1116 2691 1267 2741 impetu
1296 2689 1574 2727 Vetranionem
1603 2684 1714 2733 deie-
