1812 3016
271 74 366 118 390
804 68 1160 118 REITEMEIERI
1687 109 1698 153 ἱ

379 195 418 233 p.
438 185 519 224 200
539 196 578 220 v-
597 184 637 224 8.
694 196 746 220 ex
770 183 932 231 iuvene,
966 184 1035 234 qui
1058 181 1275 233 periculum
1303 186 1498 229 evaserat,
1527 181 1699 230 impera-

271 246 396 276 torem
417 240 456 275 in
483 251 571 276 casa
592 241 734 289 agresti
753 252 775 276 a
791 239 964 277 barbaris
987 241 1145 276 incensa
1165 238 1333 274 flammis
1349 237 1598 287 absumptum
1618 237 1700 272 Ro-

271 296 399 331 manis
421 302 661 346 compertum
679 296 768 332 suit.
809 296 897 332 aliis
920 296 1050 345 opinio
1068 295 1144 331 fuit
1160 295 1201 330 in
1221 293 1370 344 proelio
1389 293 1595 330 Valentem
1610 292 1702 327 vul-

272 363 366 387 nere
396 352 572 387 saucium
600 350 808 399 cecidisse3
839 349 937 388 adeo
966 352 1112 387 incerta
1141 350 1216 386 fuit
1246 350 1352 386 fama
1380 346 1429 385 de
1454 349 1537 385 eius
1561 353 1701 384 morte.

275 407 472 443 Ammian.
495 408 546 447 31
581 408 646 448 13.

386 473 440 510 ib.
464 486 502 510 v.
524 474 589 515 15.
645 471 722 509 huc
741 472 909 523 pertinet
931 471 1039 509 locus
1062 483 1113 508 ex
1131 473 1277 509 Ioanne
1296 468 1541 509 Antiocheno
1558 469 1600 506 in
1619 470 1704 505 Ex-

276 535 396 580 cerpt.
416 529 544 567 Vales.
567 542 607 579 p.
624 527 716 569 847.
773 529 918 564 Ritler.

386 609 426 646 p.
455 597 532 635 201
564 607 601 632 v-
629 595 666 634 1.
723 595 945 645 Illyricum,
985 592 1092 645 quod
1119 592 1283 630 dicionis
1308 591 1544 639 Theodosii,
1583 591 1706 628 Sozo-

276 664 393 688 meno
421 654 446 691 7
476 650 501 690 4
528 657 646 697 teste,
677 650 847 697 factum,
878 662 930 686 ex
954 650 1144 686 sententia
1166 650 1413 686 Tillemontii
1442 649 1499 699 (t.
1520 646 1545 687 5
1566 660 1606 698 p.
1626 647 1707 686 716

275 713 357 744 not.
382 704 456 756 14)
485 719 565 742 non
588 719 725 753 omne,
755 704 826 743 sed
847 718 936 755 pars
957 704 1076 742 modo
1100 706 1183 742 eius
1204 705 1400 742 orientalis
1419 703 1490 741 sub
1515 704 1576 740 ius
1600 700 1707 739 iudi-

277 764 460 813 ciumque
480 760 698 798 Theodosii
720 762 917 799 successit.

277 895 327 931 X.
385 892 701 942 GRATIANUS,
747 893 1161 932 VALENTINIANUS
1189 895 1226 930 II
1268 890 1341 931 ΕΤ
1386 890 1710 931 THEODOSIUS

785 960 842 1011 (1.
872 960 897 1000 4
928 974 960 997 c.
990 959 1213 1008 25—59).

390 1048 560 1098 Eunapii
580 1053 670 1084 sunt
688 1060 788 1099 quae
810 1046 872 1085 his
893 1049 1082 1099 capitibus
1104 1046 1506 1099 comprehenduntur,
1536 1061 1559 1084 a
1577 1047 1713 1085 ceteris

281 1104 531 1154 scriptoribus
548 1104 691 1153 partim
709 1105 864 1151 omissa,
887 1106 1030 1154 partim
1049 1106 1310 1155 negligentius
1328 1111 1366 1140 et
1386 1105 1555 1141 strictius
1571 1105 1713 1154 posita,

283 1173 305 1196 a
345 1161 563 1209 suspicione
603 1166 737 1195 tamen
774 1160 1086 1198 calumniationis
1118 1162 1159 1196 in
1192 1162 1445 1210 imperatores
1475 1158 1715 1197 Christianos

280 1214 389 1252 haud
410 1228 543 1251 vacua.
599 1216 821 1263 Ammiani,
853 1218 920 1266 qui
937 1215 988 1252 ad
1005 1215 1221 1253 Theodosii
1246 1217 1356 1252 initia
1378 1216 1568 1262 substitit,
1598 1215 1716 1251 auxi-

282 1272 335 1307 lio
359 1278 397 1306 et
419 1272 528 1320 copia
549 1269 760 1306 carendum
778 1271 890 1308 nobis
918 1278 997 1318 est3
1028 1285 1080 1308 ex
1103 1273 1151 1309 iis
1175 1278 1306 1308 autem
1327 1273 1395 1322 qui
1415 1272 1509 1308 novi
1529 1268 1718 1308 accedunt

283 1328 511 1376 scriptores,
540 1326 673 1362 nullus
697 1333 776 1372 est,
807 1328 875 1376 qui
898 1329 1058 1379 virtutes
1081 1329 1281 1364 Ammiani
1304 1333 1509 1377 exaequet.
1566 1326 1718 1362 utilita-

285 1389 365 1418 tem
393 1388 525 1416 tamen
549 1380 716 1417 afferunt
735 1379 785 1418 ad
806 1383 1008 1419 Zosimum
1029 1382 1306 1419 illustrandum
1326 1381 1570 1419 Themistius
1596 1381 1719 1417 Liba-

284 1438 374 1472 nius
398 1443 436 1472 et
457 1437 622 1472 Pacatus
643 1438 746 1472 inter
765 1434 939 1474 rhetores
961 1445 998 1474 et
1019 1437 1234 1488 sophistas,
1265 1450 1379 1488 porro
1406 1435 1718 1488 chrysostomus,

283 1492 527 1538 Ambrosius,
547 1498 632 1532 tum
649 1491 886 1529 Claudianus
906 1494 1093 1544 Synesius
1113 1500 1150 1530 et
1167 1491 1440 1545 Symmachus,
1464 1493 1606 1544 quibus
1622 1490 1720 1528 fides

286 1546 404 1584 modo
426 1547 590 1583 stabiliri
610 1546 727 1584 modo
746 1547 973 1585 labefactari
991 1555 1132 1599 potest.

398 1626 437 1662 p-
454 1615 533 1654 201
553 1626 592 1650 v.
610 1612 650 1653 4.
709 1627 762 1651 ex
775 1615 924 1662 morbo,
943 1627 1019 1666 quo
1032 1617 1081 1661 ,in
1102 1613 1176 1652 hac
1195 1615 1289 1652 urbe
1307 1613 1592 1665 implicabatur,
1612 1625 1724 1649 mora

288 1669 444 1706 iniecta.
502 1669 656 1706 Sozom.
679 1673 705 1710 7
733 1669 774 1709 4.
831 1671 979 1707 Socrat.
1007 1671 1031 1711 5
1061 1674 1100 1711 6.

399 1734 452 1772 ib.
484 1748 524 1773 v.
551 1735 591 1776 5.
647 1736 750 1773 inter
786 1737 936 1786 legatos
969 1738 1168 1774 civitatum
1198 1735 1249 1773 ad
1278 1737 1554 1787 imperatorem
1582 1735 1724 1771 missos

289 1790 535 1828 Themistius
563 1791 661 1840 fuit,
700 1793 762 1828 cui
790 1805 874 1829 rem
900 1805 1011 1829 suam
1043 1793 1131 1830 urbs
1161 1794 1291 1843 Cpolis
1321 1791 1585 1828 mandaverat.
1642 1788 1724 1827 vid.

291 1853 388 1882 orat.
409 1845 622 1884 Thelmstii
644 1850 707 1887 10.
766 1848 814 1884 cf.
835 1847 994 1885 Godofr.
1017 1847 1115 1885 adl.
1135 1851 1160 1888 7
1183 1862 1216 1886 c.
1238 1847 1318 1885 Th.
1339 1847 1388 1884 de
1408 1848 1561 1897 legatis.

402 1900 455 1936 zb.
477 1914 513 1938 v.
535 1901 598 1941 15.
656 1915 756 1953 quae
788 1903 901 1940 nobis
931 1903 979 1939 de
1010 1903 1084 1940 hoo
1108 1904 1213 1940 bello
1243 1910 1281 1940 et
1307 1910 1418 1954 parta
1435 1916 1506 1953 per
1522 1899 1726 1938 Modarem

293 1957 455 1993 victoria
490 1958 762 2006 innotuerunt,
802 1971 848 1995 ea
886 1959 968 1996 fere
1001 1959 1166 1996 redeunt
1203 1958 1253 1995 ad
1278 1960 1426 1996 Zosimi
1450 1959 1579 1994 locum
1604 1955 1725 1992 hunc.

294 2012 575 2048 Tillemontius
607 2025 629 2047 a
657 2013 817 2051 Modare
846 2013 898 2051 ad
921 2013 1191 2052 Theodosium
1217 2015 1400 2052 victoriae
1428 2014 1536 2050 illius
1562 2012 1727 2062 gloriam

294 2067 503 2103 transferre
524 2066 667 2104 studet.

407 2135 446 2171 p.
465 2124 546 2162 202
567 2135 604 2158 v·
625 2126 687 2162 18.
745 2123 960 2161 secundum
982 2123 1234 2162 Ammianum
1261 2124 1326 2176 (31
1363 2123 1455 2174 16),
1486 2121 1592 2174 apud
1609 2134 1728 2186 quem

299 2175 517 2213 Gothorum
545 2178 585 2213 in
614 2179 707 2214 Asia
738 2193 808 2228 per
841 2182 986 2217 Iulium
1017 2193 1217 2217 caesorum
1248 2182 1394 2216 mentio
1431 2180 1500 2226 fit,
1549 2179 1727 2230 quamvis

299 2234 546 2279 summatim,
575 2241 751 2270 accurate
770 2242 902 2271 tamen
924 2243 961 2272 et
983 2249 1053 2273 suo
1073 2237 1158 2273 loco
1180 2237 1302 2283 facta,
1335 2235 1490 2271 barbari
1511 2247 1591 2270 non
1612 2234 1730 2282 longe

300 2294 387 2338 post
416 2289 589 2325 Valentis
617 2301 769 2336 casum,
803 2290 874 2327 sed
899 2291 1030 2328 medio
1060 2299 1234 2341 tempore
1259 2293 1361 2327 inter
1386 2292 1470 2327 eius
1497 2295 1663 2326 mortem
1691 2295 1730 2324 et

301 2343 517 2380 Theodosii
551 2345 758 2394 imperium
793 2354 1015 2396 susceptum
1049 2346 1100 2383 ad
1141 2347 1446 2383 internecionem
1487 2344 1604 2381 deleti
1640 2349 1730 2380 sunt

303 2399 378 2445 (cf.
397 2400 624 2435 Tillemont.
640 2406 669 2436 t.
688 2400 712 2439 5
732 2412 772 2449 p-
789 2399 968 2440 714110t.
990 2401 1078 2451 11).
1134 2404 1266 2452 itaque
1283 2400 1509 2438 Theodosio
1529 2413 1611 2435 rem
1625 2411 1730 2434 nun-

300 2456 398 2491 tiare
417 2455 536 2491 Iulius
555 2467 634 2491 non
650 2456 788 2505 potuit,
813 2456 1144 2507 quemadmodum
1161 2470 1183 2494 a
1201 2458 1358 2494 Zosimo
1379 2455 1434 2506 (Ρ.
1446 2457 1527 2496 208
1559 2456 1609 2494 16
1621 2466 1707 2504 sqq·
1698 2451 1728 2502 -)

302 2512 513 2547 memoriae
533 2509 730 2560 proditum
749 2517 819 2547 est.

411 2579 450 2615 p-
470 2569 549 2606 203
575 2579 610 2602 v.
630 2566 670 2607 5.
727 2567 925 2616 Magc'ster
940 2567 1105 2604 militiae
1123 2569 1169 2604 ab
1187 2568 1396 2604 Ammiano
1416 2571 1588 2602 vocatur.

377 2632 452 2670 p-
470 2620 550 2661 204
571 2634 608 2658 v-
628 2625 667 2662 3.
722 2623 978 2660 Ammianus.
1006 2624 1110 2661 dacis
1137 2622 1356 2660 tectioribus
1381 2621 1502 2657 citeris
1524 2620 1582 2656 ad
1599 2631 1731 2657 eorum

301 2683 423 2712 νει-10)
424 2690 462 2713 es
485 2677 685 2714 Romanos
702 2691 844 2715 omneS.
1726 2692 1730 2697 “
