1812 3016
274 74 372 124 344
766 75 1170 141 [REITEMEIERI
1219 109 1222 112 ι

271 199 384 235 mus,
428 187 492 225 cui
521 199 682 240 campus
708 188 776 227 ille
801 196 963 228 vocatur
977 190 1153 242 sumans
1174 190 1315 232 solum.
1374 191 1574 243 inscriptio
1601 190 1709 243 apud

272 242 444 280 eundem
460 245 697 282 Panviuium
715 258 736 282 a
753 247 948 284 Politiano
969 245 1019 283 ad
1035 248 1277 300 antiquitatis
1295 248 1463 291 formam
1479 250 1534 285 ita
1550 246 1708 286 redacta

271 305 350 336 est:
391 300 443 336 P.
481 299 526 337 V
517 300 661 338 alesius
694 301 833 339 Volusi
858 303 906 344 F,
936 303 1143 353 Poplicola
1167 304 1382 355 igniferum
1407 317 1590 354 campum
1618 305 1710 341 Diti

264 355 379 404 patri
404 357 579 393 aeternae·
606 371 643 407 q.
673 358 931 408 Proserpinai
955 361 1200 400 consecranei
1208 387 1226 406 ,
1261 360 1432 417 ludos-q,
1451 361 1592 398 eisdem
1611 360 1708 398 dieis

262 410 411 462 populi
427 412 606 454 Romani
621 412 762 449 salutis
783 427 871 467 ergo
883 415 1005 465 ficei.

379 480 419 518 p.
431 469 483 508 66
498 481 536 505 v.
553 470 616 510 12.
646 469 764 510 ,alleri
776 468 819 506 ht
838 470 926 506 ludi
941 471 1160 508 saeculares
1178 484 1279 510 anno
1291 473 1401 510 Varr.
1421 471 1500 513 353
1520 471 1710 522 assignati

269 529 374 559 recte
395 536 438 560 se
458 521 618 573 habent,
647 537 741 561 nam
763 527 816 562 M.
838 528 991 564 Potitus
1016 535 1198 579 quartum
1219 529 1354 565 consul
1375 534 1458 565 erat
1477 529 1579 564 inter
1594 528 1708 565 Trib.

268 579 352 614 mil.
374 591 478 616 cous.
499 586 580 630 pot.
640 580 779 618 eodem
797 589 973 632 spectant
987 612 998 630 ,
1029 596 1129 634 quae
1151 585 1286 623 Livius
1304 590 1497 621 memorat
1513 583 1582 620 lib.
1606 582 1631 627 5
1657 585 1708 623 13

269 632 401 673 acl-an.
422 635 525 683 355,
556 637 624 687 qul
643 638 719 687 ipsi
736 638 815 679 356
840 645 911 675 est.
950 652 1047 676 mox
1066 652 1104 676 v.
1131 640 1181 678 19
1205 636 1449 679 ἀνενεώσατο
1475 639 1491 689 (
1500 647 1543 676 ut
1569 639 1709 689 legen-

269 688 382 740 dum)
404 691 637 729 Octavianus
651 692 779 741 ludos,
809 695 855 731 L.
874 696 1020 731 Marcio
1041 696 1267 743 Censorino,
1301 696 1345 733 C.
1369 696 1537 733 Calvisio
1561 695 1708 733 Sabino

268 756 368 782 coss.
401 758 437 782 a.
457 746 551 787 715.
611 755 650 784 at
677 751 744 799 qui
765 758 1056 799 praecesserant
1086 750 1193 798 ludi,
1232 751 1326 788 fanti
1353 758 1463 791 erant
1492 751 1709 788 L.'Marcio

268 802 479 839 Censorino
492 831 501 849 ,
531 805 637 840 Man.
656 806 818 841 Manilio
838 819 935 842 coss.
955 819 990 842 a.
1013 807 1092 848 605
1106 835 1116 855 ,
1161 819 1237 858 quo
1259 820 1362 845 anno
1382 808 1533 845 bellum
1549 808 1710 847 tertium

266 856 452 894 adversus
481 857 821 911 Carthaginienses
850 869 1088 912 susceptum.
1161 863 1211 900 of.
1241 864 1405 914 E-utrop.
1433 863 1459 904 4
1491 864 1543 908 10
1571 863 1640 900 ubi
1667 875 1708 900 v.

264 914 433 949 Hearne.
462 915 524 951 H.

378 968 431 1005 ib.
454 982 491 1006 v.
510 971 578 1010 20.
637 971 816 1008 observat
835 971 887 1009 ad
906 970 1010 1010 hunc
1026 974 1156 1010 locum
1175 974 1423 1024 Sylburglus,
1455 987 1544 1011 cum
1561 974 1711 1011 Pam-i,

267 1024 398 1061 nianis
428 1026 558 1062 verbis
589 1039 800 1076 congruere
833 1042 878 1065 ea
905 1041 1004 1081 quae
1040 1028 1090 1066 ad
1119 1042 1228 1066 oram
1259 1029 1401 1067 codicis
1430 1030 1710 1067 Leuuclaviani

266 1091 388 1117 manu
408 1081 537 1120 aliena
559 1081 755 1133 adscripta
774 1085 873 1132 sint3
912 1092 1089 1122 secutum
1104 1099 1188 1123 esse
1208 1088 1444 1123 Panvinium
1466 1099 1532 1124 eos
1557 1084 1709 1123 codices

267 1149 291 1172 a
310 1137 452 1187 quibus
473 1139 547 1174 ista
571 1139 689 1175 verba
716 1143 869 1190 προτελ.
892 1139 963 1190 μὲν
992 1149 1031 1182 et
1054 1137 1140 1181 τότε
1158 1164 1210 1170 -—
1231 1143 1409 1194 Σαβίνου
1427 1143 1572 1193 pariter
1592 1149 1710 1193 atquo

266 1205 291 1228 a
310 1190 508 1230 codicibus
531 1194 611 1229 iam
629 1195 780 1233 collatis
799 1196 972 1234 aberant.
1032 1199 1195 1249 quinam
1215 1204 1347 1235 autem
1363 1199 1442 1235 sint
1461 1199 1522 1235 illi
1543 1196 1709 1246 codices,

267 1247 426 1299 quando
449 1256 583 1285 auctor
601 1251 678 1287 loci
695 1253 737 1287 in
754 1253 936 1291 Panvinii
960 1253 1060 1290 libro
1080 1255 1219 1291 Latine
1242 1255 1365 1301 versi,
1396 1255 1478 1291 sive
1495 1255 1546 1291 sit
1562 1254 1711 1291 Panviq

265 1305 355 1340 nius
387 1305 471 1353 ipse
506 1306 588 1341 sive
618 1307 862 1355 Polstianus,
902 1321 1098 1359 nusquam
1130 1311 1212 1347 eius
1245 1311 1302 1346 rei
1329 1311 1572 1347 mentionem
1603 1310 1709 1358 fecit,

265 1359 481 1409 Sylburgio
505 1373 586 1397 non
607 1362 757 1412 liquere
778 1365 917 1412 potuit.
956 1367 1189 1415 comparatis
1208 1367 1256 1402 iis
1279 1378 1380 1417 quae
1401 1367 1579 1405 Valerius
1597 1367 1710 1406 Max.

266 1413 317 1451 de
334 1413 439 1457 ludis
461 1417 724 1457 saecularibus
744 1418 926 1466 tradidit,
956 1421 1211 1458 manifestum
1227 1421 1270 1458 fit
1288 1433 1311 1457 a
1329 1423 1521 1459 Panvinio
1538 1421 1710 1472 plurima

265 1483 319 1507 ex
339 1471 495 1508 Valerio
514 1473 690 1510 Maximo
714 1487 798 1511 esse
821 1477 1062 1512 concinnata.

375 1539 415 1576 p.
446 1530 498 1567 67
523 1540 562 1564 v.
590 1532 629 1578 2.
696 1529 840 1566 Ateius
871 1532 1008 1580 Capito
1033 1530 1232 1570 adhibitus
1260 1538 1450 1584 tanquam
1469 1533 1583 1570 ICtus
1613 1533 1710 1570 iuris

265 1581 457 1632 pontificii
487 1584 768 1632 peritissimus,
824 1585 872 1623 de
906 1599 982 1638 quo
1008 1588 1130 1625 libros
1161 1587 1350 1626 ediderat.
1405 1601 1444 1625 v.
1485 1588 1587 1625 Gen.
1612 1589 1638 1628 4
1668 1590 1710 1627 6.

264 1637 438 1674 Macrob.
463 1638 545 1676 Sat.
568 1641 591 1678 3
625 1641 689 1679 10.
749 1641 935 1681 Claudius
959 1642 1074 1684 ludos
1102 1645 1320 1682 saeculares
1347 1644 1558 1687 celebravit
1583 1645 1633 1686 U.
1664 1644 1710 1683 C.

265 1695 360 1734 800.
390 1694 638 1733 Domitianus
657 1694 752 1736 841.
783 1698 951 1736 Severus
972 1700 1066 1740 957.
1096 1701 1139 1737 C.
1159 1703 1208 1737 N.
1229 1700 1323 1740 204.
1373 1701 1434 1738 H.

376 1748 430 1788 ib.
457 1762 495 1786 v.
516 1750 582 1791 15.
641 1751 808 1789 eandem
836 1756 1038 1805 praeconis
1066 1756 1277 1792 formulam
1303 1757 1440 1792 recitat
1461 1753 1708 1793 Herodianus

264 1806 291 1844 3
312 1806 337 1845 8
353 1812 453 1842 extr.
475 1808 583 1843 cuius
604 1809 661 1844 rei
680 1810 779 1846 ratio
798 1817 855 1848 est
871 1811 1124 1848 intervallum
1142 1814 1243 1848 inter
1261 1809 1332 1849 hos
1352 1810 1468 1849 ludos
1489 1813 1567 1852 110
1584 1824 1710 1848 anno-

263 1872 365 1907 rum,
388 1861 494 1912 quod
517 1876 606 1899 cum
625 1864 810 1904 Claudius
832 1868 1092 1918 anticipasset,
1113 1869 1210 1905 risui
1224 1868 1382 1910 fuerunt
1397 1865 1575 1907 eiusdem
1592 1879 1710 1918 prae-

263 1927 395 1952 cones.
455 1917 617 1955 sueton.
642 1933 674 1957 o.
698 1923 765 1960 21.
829 1922 973 1959 Cellm».

376 1984 415 2022 p-
437 1975 488 2012 71
512 1987 549 2010 v.
574 1977 613 2014 9.
670 1977 703 2013 si
721 1975 818 2015 fides
837 1977 1048 2028 Phlegonti
1068 1979 1271 2016 Tralliano
1294 1977 1343 2015 de
1359 1978 1604 2016 mirabilibus
1622 1977 1708 2028 o.4,

265 2024 317 2063 ad
336 2028 497 2064 Latinos
517 2031 623 2079 ipsos
640 2033 827 2080 pertinuit
848 2035 1062 2071 oraculum.
1122 2034 1170 2071 de
1189 2036 1339 2072 Latinis
1360 2036 1478 2082 enim,
1508 2037 1710 2072 Romano÷

265 2095 352 2118 rum
371 2085 507 2129 sociis,
547 2084 623 2121 fide
650 2094 800 2125 mutata
827 2090 960 2127 crebra
987 2091 1234 2131 moventibus
1252 2091 1355 2127 bella
1379 2091 1532 2141 Sibylla
1553 2092 1707 2139 cecinit,

263 2136 328 2175 his
345 2137 449 2175 ludis
468 2140 654 2178 institutis
671 2142 752 2179 fore
773 2151 816 2181 ut
835 2144 1067 2186 defectionis
1083 2159 1254 2197 poenam
1274 2147 1427 2189 luentes
1446 2148 1490 2189 in
1507 2148 1709 2185 Romano-³

264 2206 354 2236 rmn
373 2193 641 2244 redigerentur
655 2205 901 2247 potestatem.
1089 2198 1092 2202 ’
1277 2200 1279 2202 v

375 2249 431 2292 ἱό.
453 2265 490 2288 v·
515 2252 581 2290 19.
608 2253 704 2303 imp,
727 2256 994 2294 Diocletianus
1015 2264 1053 2294 et
1072 2258 1337 2295 Maximianus
1356 2258 1446 2295 VIII
1469 2258 1576 2298 Coss.
1597 2258 1709 2295 fuere

265 2317 302 2341 a.
323 2306 371 2342 U.
392 2307 434 2342 C.
457 2307 562 2347 1057
591 2320 626 2344 a.
647 2310 689 2345 C.
714 2311 808 2351 304.
865 2314 963 2362 imp.
997 2321 1128 2350 autem
1158 2314 1434 2352 Constantinus
1454 2316 1522 2356 111.
1549 2320 1588 2351 et
1610 2315 1709 2365 imp.

264 2362 440 2398 Licinius
459 2364 526 2399 III.
549 2375 584 2400 a.
606 2365 719 2414 U.-c.
747 2369 850 2408 1066
872 2381 906 2404 a.
930 2370 971 2405 C.
994 2372 1089 2410 313.
1145 2370 1206 2406 H.

377 2430 416 2466 p.
444 2421 497 2458 72
526 2431 563 2455 v.
583 2421 621 2460 3.
681 2421 921 2460 celebrandis
945 2423 1051 2461 ludis
1077 2424 1339 2461 saecularibus
1375 2431 1523 2462 certum
1551 2430 1708 2475 tempus

266 2484 347 2510 non
375 2471 532 2510 videtur
558 2475 695 2524 priscis
719 2479 959 2527 temporibus
989 2480 1110 2517 fuisse
1132 2479 1391 2528 destinatum,
1430 2481 1622 2531 quoniam>
1641 2493 1708 2518 eos

263 2534 421 2564 tantum
442 2530 660 2571 calamitate
680 2544 763 2568 rem
780 2534 981 2583 publicam
998 2543 1175 2585 urgente,
1204 2535 1419 2586 placandae
1443 2535 1606 2572 deorum
1626 2537 1708 2572 irae

264 2584 410 2632 gratia,
441 2586 709 2624 instituebant.
766 2589 808 2624 in
839 2590 1162 2628 celebrandorum
1190 2593 1310 2641 igitur
1328 2590 1513 2628 ludorum
1531 2598 1709 2641 tempore

263 2639 484 2688 scriptores,
514 2643 757 2680 mentionem
776 2644 860 2682 eius
878 2646 935 2682 rei
953 2647 1046 2683 satis
1065 2648 1236 2684 incertae
1257 2648 1496 2694 inficientes,
1525 2647 1708 2698 aliquan„

262 2698 349 2731 tum
368 2697 532 2745 variant,
561 2697 656 2736 dum
675 2699 756 2747 alii,
786 2701 893 2754 iique
911 2702 1088 2743 maxima
1105 2703 1250 2745 muniti
1270 2703 1510 2753 auctoritate,
1531 2702 1708 2747 eelebrav
