1812 3016
313 65 410 112 362
854 68 1214 114 REITEMEIERI

312 176 448 215 tributi
464 176 763 215 Constantinum
781 176 971 229 prodens,
1002 180 1095 231 quia
1111 180 1192 217 iam
1210 179 1346 218 Severi
1360 179 1607 231 imperatoris
1626 186 1751 218 aetate

313 233 417 271 illud
447 234 626 270 occurrit.
684 232 781 285 quid
805 235 925 284 igitur
954 235 1029 272 fuit
1058 234 1166 287 quod
1193 238 1396 274 innovaret
1418 237 1690 274 Constantinus
1709 238 1752 273 in

312 290 548 327 tributorum
576 287 754 327 ratione?
810 291 945 327 forsan
972 293 1097 329 maior
1128 293 1212 330 eius
1237 292 1315 329 fuit
1331 294 1375 329 in
1393 293 1443 330 iis
1465 292 1668 343 exigendis
1689 306 1754 330 se-

314 347 471 394 veritas,
501 353 540 383 et
558 347 662 383 cives
681 347 837 395 gravius
856 359 976 398 quam
994 360 1169 399 unquam
1186 355 1299 386 antea
1317 350 1451 386 vexati
1468 355 1572 386 sunt.
1613 350 1754 386 saltem

317 403 507 440 Libanius
538 402 622 452 (or.
645 408 777 438 contra
795 403 1065 440 Florentinum
1073 417 1124 461 p.
1142 404 1223 445 427
1234 403 1251 454 )
1279 402 1373 441 huic
1397 406 1571 455 opinioni
1585 406 1756 472 patroci-

318 465 447 495 natur.
505 456 678 525 λεγέσθω
709 458 848 498 τοίνυν
877 458 943 499 καὶ
969 457 1014 500 τό
1040 454 1161 500 τᾶλλα
1178 456 1310 499 πάντα
1326 456 1551 511 νενικηκός·
1578 463 1694 500 τοῦτο
1711 455 1756 500 δ’

316 513 424 555 ἐστὶν
447 512 472 554 6
495 510 699 581 ἀφόρητος
719 510 860 564 φόρος,
890 530 1060 567 αργυρος
1084 514 1151 556 καὶ
1179 512 1345 567 χρυσός,
1375 517 1551 584 φρίττειν
1566 529 1758 585 προσιου-

322 582 394 617 σας
423 572 551 610 ποιῶν
581 567 652 617 τοὶς
660 568 811 636 ‘davus
832 572 1082 637 πεντηρίδας.
1137 587 1262 623 ονομα
1282 570 1355 623 μὲν
1371 570 1446 625 γὰρ
1469 568 1658 639 εὐπρεπὲς
1677 567 1757 612 dud

320 628 406 666 ταῖν
423 622 627 696 ἐμπόρων
621 627 678 680 τῷ
698 621 832 694 πόρῳ
829 622 968 681 τούτῳ,
997 630 1048 683 τῇ
1063 624 1240 682 θαλαττῃ
1259 626 1303 668 ᾰὲ
1322 627 1484 669 ἐκείνων
1502 628 1560 675 εἰς
1576 624 1759 668 διάδοσιν

321 681 552 735 χρωμένων,
583 677 645 728 οἷς
669 678 778 733 μόλις
805 697 928 749 αρτου
958 684 1253 752 προσφέρουσιν
1273 684 1318 723 αἱ
1334 687 1476 737 χεῖρες,
1504 678 1760 732 ἀπόλλυνται,

323 736 532 790 διαφεύγει
552 735 595 777 δὲ
614 733 709 777 ουδὲ
729 735 992 806 νευροροῖφος,
1021 736 1092 787 οὓς
1108 736 1184 792 ἐγω
1201 737 1389 787 πολλάκις
1405 737 1513 780 εἶδον
1527 737 1602 790 τήν
1617 740 1760 792 σμίλην

322 794 380 841 εἰς
412 791 588 861 οὐρανόν
615 793 817 845 αἴροντας,
847 791 1040 846 ὀμνύντας
1068 793 1142 864 μὲν
1169 794 1212 835 έν
1240 798 1291 863 τῇ
1320 791 1423 850 αυτῇ
1439 811 1487 835 τα
1509 811 1639 835 παντα
1658 793 1761 835 εἶναι

322 850 482 899 σφίσιν
520 845 571 889 ου’
598 864 678 901 μην
707 847 825 890 τοῦτο’
853 865 912 918 γε
925 847 1074 899 αὐτους
1104 847 1334 892 ἅπαλλαττει
1361 855 1440 891 τῶν
1466 850 1669 904 ἐγκωμίων
1691 850 1762 891 καὶ

321 903 600 945 ὑλακτούντων
625 903 692 944 καὶ
715 903 841 956 μόνον
863 921 911 946 ου
931 903 1152 947 δακόντων.
1208 923 1326 956 ουτος
1346 906 1371 947 6
1389 922 1526 959 καιρος
1545 908 1666 948 πλείω
1687 905 1763 958 τήν

321 962 506 1002 δουλείαν
531 962 789 1011 καθίστησιν,
820 959 1022 1011 ἐκβάλλων
1051 962 1281 1015 ἐλευθερίας
1304 978 1398 1011 τους
1416 960 1497 1004 ἄπο
1515 967 1595 1003 ταῖν
1611 961 1763 1031 γονέων

321 1016 614 1068 πωλουμένους,
647 1013 721 1069 οὐχ
738 1017 806 1057 ι’να
823 1014 959 1066 αυτοῖς
977 1018 1134 1071 δέξηται
1152 1016 1224 1071 τὴν
1241 1017 1361 1070 τιμήν
1381 1017 1425 1059 τό
1444 1015 1643 1071 κιβωτιον,
1672 1014 1762 1059 ἀλλ’

321 1074 391 1114 ἵνα
408 1070 536 1125 αὐτήν
553 1073 693 1112 ἴδωσιν
711 1074 767 1122 εἰς
786 1089 858 1122 την
876 1077 949 1114 τοῦ
964 1076 1261 1127 κατεπείγοντος
1278 1072 1412 1123 δεξιαν
1428 1073 1653 1126 ἐρχομένην.

431 1143 472 1181 p-
495 1129 573 1171 105
593 1142 633 1166 v.
657 1132 697 1169 2.
742 1130 865 1180 sollis
883 1137 965 1168 erat
981 1132 1047 1168 vel
1067 1144 1222 1170 summa
1241 1138 1279 1168 et
1298 1132 1473 1168 collectio
1491 1132 1680 1182 pecuniae
1699 1130 1765 1167 vel

322 1193 428 1224 certa
458 1187 590 1237 aliqua
616 1188 784 1236 pecunia
814 1188 1037 1225 constituta.
1082 1187 1206 1238 sollis
1234 1188 1395 1224 maioris
1419 1189 1543 1237 pretii
1572 1187 1766 1238 aequabat

322 1250 402 1280 tres
423 1243 544 1279 libras
562 1248 601 1278 et
619 1242 760 1290 semis,
790 1244 922 1280 minus
943 1242 1096 1281 duobus
1122 1242 1292 1281 denariis
1315 1245 1488 1294 argenti,
1517 1244 1582 1280 vel
1604 1243 1680 1295 177}
1699 1255 1765 1279 so-

322 1297 426 1336 lidos
442 1311 452 1345 3
471 1297 592 1348 sollis
612 1299 774 1334 minoris
791 1300 916 1348 pretii
933 1298 1289 1349 comprehendebat
1315 1306 1394 1336 tres
1421 1311 1627 1346 nummos,
1645 1298 1767 1348 sollis

325 1355 483 1390 minimi
494 1354 615 1404 pretii
635 1352 711 1390 duo
730 1355 883 1390 minuta
900 1353 1064 1391 denarii.
1104 1354 1185 1393 vid.
1206 1357 1349 1393 Baron.
1367 1355 1513 1393 Annal.
1531 1362 1560 1393 t.
1573 1357 1598 1396 3
1617 1353 1767 1406 p.235.

324 1411 376 1448 cf.
397 1410 549 1448 Comm.
569 1407 621 1447 ad
638 1409 668 1446 l.
687 1408 712 1450 5
733 1422 766 1447 c.
788 1408 869 1448 Th.
889 1408 938 1447 de
958 1417 1128 1462 praetor.

577 1543 644 1580 VI.
702 1542 1063 1582 CONSTANTIUS
1093 1543 1149 1596 (l.
1177 1546 1204 1585 2
1232 1557 1266 1581 c.
1296 1541 1514 1594 39—55).

437 1628 549 1667 Idem
576 1637 711 1668 auctor
740 1638 779 1668 et
810 1630 918 1680 dux,
949 1633 1018 1684 qui
1048 1633 1092 1670 in
1122 1634 1203 1671 vita
1235 1633 1500 1680 Constantini,
1528 1629 1596 1668 hic
1618 1630 1770 1668 Zosimi

327 1686 416 1723 fuit.
474 1687 517 1723 in
533 1687 806 1737 scriptoribus,
831 1689 899 1739 qui
918 1702 979 1725 res
996 1689 1212 1726 Constantii
1231 1702 1320 1726 cum
1337 1690 1496 1726 Zosimo
1512 1685 1769 1734 tradiderunt,

328 1749 502 1793 praestat
515 1744 749 1781 Ammianus
767 1746 1009 1782 auctoritate.
1037 1745 1218 1782 laborant
1233 1747 1275 1782 in
1293 1743 1368 1782 hac
1385 1752 1495 1795 parte
1510 1756 1636 1794 pauca
1650 1741 1771 1779 modo

329 1799 418 1835 loca
447 1805 514 1835 aut
545 1800 674 1836 malae
707 1799 800 1836 fidei
830 1802 1050 1851 suspicione
1082 1808 1149 1838 aut
1182 1803 1349 1838 omissae
1384 1800 1610 1850 diligentiae
1641 1800 1771 1846 vitiis;

331 1856 480 1891 eminet
497 1868 591 1904 prae
614 1857 751 1893 ceteris
769 1857 1022 1907 scriptoribus
1042 1856 1234 1894 industria
1251 1864 1290 1894 et
1312 1870 1403 1893 cura
1424 1857 1573 1893 Zosimi
1594 1856 1634 1892 in
1656 1854 1772 1891 rebus

331 1912 551 1959 Magnentii
567 1910 767 1949 tradendis
778 1941 788 1960 ,
819 1925 916 1964 quas
927 1942 937 1960 ,
969 1914 1003 1950 si
1021 1913 1158 1950 ultima
1173 1914 1367 1964 excipias,
1397 1913 1598 1963 aliquanto
1614 1911 1772 1947 uberius

330 1978 453 2017 quam
473 1966 614 2018 reliqui
633 1969 839 2018 scriptores
858 1969 1063 2019 explicuit.

441 2035 483 2071 p.
505 2022 584 2062 105
604 2036 642 2059 v.
660 2024 726 2063 13.
783 2025 925 2074 quibus
946 2031 1035 2061 ante
1055 2023 1264 2075 provinciis
1283 2023 1505 2074 praefuerat
1525 2021 1773 2059 Constantius

333 2075 522 2124 Chlorus,
553 2091 622 2114 eae
651 2079 904 2117 Constantino
929 2081 1173 2130 obtigerunt,
1204 2080 1332 2116 Gallia
1350 2079 1540 2129 Hispania
1560 2085 1598 2115 et
1616 2078 1774 2113 Britan-

331 2134 399 2169 nia
429 2132 598 2184 (Victor.
624 2147 686 2183 ep.
705 2134 810 2185 41),
841 2137 1067 2173 Constantio
1101 2138 1259 2183 Oriens,
1288 2134 1332 2172 id
1365 2142 1445 2182 est,
1474 2135 1569 2171 Asia
1595 2134 1709 2184 Syria
1735 2139 1774 2168 et

332 2191 536 2239 Aegyptus
566 2188 741 2240 (Euseb.
771 2192 970 2229 Constant.
1003 2191 1029 2232 4
1059 2192 1136 2240 51,
1168 2194 1322 2241 Eunap.
1346 2189 1542 2240 Aedes),
1573 2188 1774 2226 Constanti

332 2246 535 2295 Illyricum
554 2247 666 2282 Italia
686 2253 725 2282 et
742 2248 875 2284 Africa
905 2247 1079 2299 (Euseb.
1109 2249 1140 2286 l.
1171 2261 1205 2285 c.
1235 2248 1287 2285 cf.
1309 2248 1508 2284 Constant.
1530 2243 1774 2296 Porphyrog.

332 2299 480 2339 Them.
498 2301 568 2338 lib.
585 2303 613 2340 2
633 2300 758 2338 them.
777 2302 843 2353 9).

443 2355 497 2394 ib·
523 2370 562 2401 V.-
587 2358 653 2398 17.
709 2355 961 2410 Καρχηδόνα.
1019 2358 1100 2397 vid.
1130 2359 1283 2397 Comm.
1314 2358 1344 2395 1.
1369 2358 1421 2398 18
1451 2371 1486 2395 c.
1506 2355 1587 2395 Th.
1611 2354 1660 2393 de
1682 2355 1776 2392 bon.

336 2425 486 2464 praesc.
543 2413 687 2450 Ritter.

447 2468 500 2505 ib.
525 2482 564 2506 v.
587 2470 652 2508 19.
709 2467 760 2506 ad
784 2470 875 2506 Iulii
906 2471 1114 2518 Dalmatii,
1143 2471 1212 2522 qui
1240 2482 1342 2506 anno
1371 2467 1451 2518 335
1483 2469 1626 2506 Caesar
1651 2464 1777 2502 dictus

340 2532 443 2572 erat,
483 2526 696 2575 imperimn
725 2525 944 2575 pertinebat
971 2525 1143 2563 Thracia
1172 2538 1262 2563 cum
1288 2531 1398 2575 parte
1425 2524 1594 2574 Illyrici,
1630 2522 1779 2558 scilicet

339 2579 571 2617 Macedonia
589 2588 627 2618 et
645 2579 795 2618 Achaia
825 2582 1049 2632 (Anonym.
1074 2583 1204 2619 Vales.
1227 2581 1278 2618 cf.
1296 2582 1529 2630 Prosopogr.
1549 2576 1635 2615 cod.
1657 2575 1779 2626 Th.).

340 2638 464 2674 Iulius
499 2638 770 2684 Constantius,
799 2638 1045 2674 Constantini
1071 2639 1207 2687 magni
1232 2638 1372 2683 frater,
1401 2648 1482 2672 non
1508 2634 1717 2685 provinciis
1741 2638 1780 2669 et

342 2693 529 2743 imperio,
557 2692 630 2731 sed
648 2693 837 2745 dignitate
854 2694 1007 2745 patricii
1027 2699 1066 2731 et
1083 2692 1319 2732 nobilissimi
1337 2698 1419 2730 erat
1437 2697 1610 2729 ornatus.
