1812 3016
280 96 371 144 124
895 100 1091 144 ZOSIMI

277 208 490 260 Κουάδους
520 212 585 253 καὶ
618 207 888 269 Σαυρομάτας
919 210 1185 267 οἶκονομῆσας
1212 213 1274 256 ε’πὶ
1299 214 1372 270 τὴν
1394 212 1498 274 ἑῴαν
1519 214 1713 272 ε’τρέπετο,

275 284 351 319 τῶν
372 281 582 335 Περσικῶν
612 278 767 336 ἐφόδων
796 282 851 330 εἷς
881 278 1015 335 μάχην
1038 281 1159 323 αὐτὸν
1178 280 1401 325 ἑλκουσῶν·
1429 283 1650 325 Ἶουλιανοῦ
1672 284 1716 325 δὲ

275 346 348 395 τὰς
358 345 512 396 Ἄλπεις
528 345 794 403 ὑπερβάντος,
824 354 907 398 τοῖς
926 350 1173 404 τεταγμένοις
1191 351 1429 400 Γαλατικοῖς
1451 349 1606 393 ἔθνεσιν
1628 351 1714 392 ε’πι-

278 412 456 466 στάντος,
482 416 548 456 καὶ
565 418 644 456 τῶν
661 414 885 472 βαρβάρων.
902 416 1016 458 οὐδὲν
1029 411 1147 471 ἦττον
1163 417 1264 471 μετὰ
1281 417 1413 472 πάσης
1433 417 1569 468 ἀδείας
1582 419 1714 460 ἔπεισ-

278 480 416 523 ιόντων
424 513 438 533 ,
472 489 555 532 τοῖς
571 483 706 533 αὐτοῖς
722 482 852 539 λόγοις
867 482 892 538 ἦ
911 485 1087 538 Εὗσεβιά
1107 486 1337 541 χρησαμένη
1355 487 1484 529 πείθει
1495 483 1755 530 vao-cdv-fv‘

130 568 160 590 a.
192 557 258 592 357
277 566 359 591 τιον
379 550 589 607 ἐπιτρέψαι
607 551 679 605 τὴν
698 553 887 606 διοίκησιν
906 552 1015 609 αὐτῷ
1031 557 1111 594 τῶν
1127 554 1246 595 ἐκεῖσε
1267 553 1524 611 πραγμάτων.

411 618 479 659 Τὰ
502 619 574 671 μὲν
605 613 675 660 οὖν
699 620 881 662 ἐντεῦθεν
905 619 998 676 ἄχρι
1018 620 1166 670 παντὸς
1188 626 1261 662 τοῦ
1279 623 1372 675 βίου
1385 622 1591 679 Ἰουλιανῷ
1606 638 1713 678 πρα-

270 685 422 738 χθέντα
436 691 706 742 συγγραφεῦσι
719 688 785 728 καὶ
798 694 980 741 ποιηταῖς
992 689 1033 729 ἓν
1048 690 1299 742 πολυστίχοις
1312 690 1527 746 γέγραπται
1543 691 1713 743 βίβλοις,

272 755 307 794 εἷ
326 755 390 794 καὶ
413 755 552 807 μηδεὶς
571 758 651 795 τῶν
672 753 1003 811 συγγεγραφότων
1035 760 1106 809 τῆς
1136 756 1249 806 ἀξίας
1274 757 1353 799 τῶν
1379 757 1504 813 ἔργων
1530 757 1712 813 ἐφίκετο·

269 819 434 876 πάρεστι
454 822 497 862 δὲ
514 824 571 877 τῷ
590 823 821 878 βουλομένῳ
846 826 1059 875 συλλαβεῖν
1081 821 1238 865 ἅπαντα
1266 831 1349 874 τοῖς
1370 823 1501 880 λόγοις
1519 821 1711 880 ἔντυγχά-
1724 833 1768 868 10

268 905 373 930 νοντι
392 894 476 938 τοῖς
494 888 617 930 αὐτοῦ
634 891 701 932 καὶ
719 897 807 939 ταῖς
827 891 1070 941 ἐπιστολαῖς,
1117 890 1195 947 ἀφ’
1226 884 1281 932 ὧν
1308 891 1431 934 ἔνεστι
1459 890 1635 946 μάλιστα
1661 891 1713 934 τὰ

266 955 370 998 κατὰ
397 960 530 998 πᾶσαν
557 957 667 1014 αὐτῷ
697 957 951 1013 πεπραγμένα
976 957 1049 1012 τὴν
1073 959 1304 1013 οἰκουμένην
1324 964 1562 1016 περιλαβεῖν.
1629 960 1712 1002 ἐπεὶ

270 1024 313 1064 δὲ
340 1022 529 1079 προσήκει
550 1024 622 1078 τὴν
643 1023 754 1075 τάξιν
774 1023 882 1079 ἡμᾶς
901 1025 959 1079 μὴ
982 1024 1201 1067 διασπάσαι
1226 1030 1298 1080 τῆς
1318 1027 1514 1084 ἱστορίας,
1557 1025 1712 1084 εἲρήσε-

267 1108 333 1133 ται
362 1093 428 1132 καὶ
461 1089 557 1146 ἡμῖν
585 1091 793 1146 συντόμως
821 1094 968 1135 ἕκαστα
997 1093 1100 1135 κατὰ
1120 1093 1214 1143 τοὺς
1239 1095 1405 1146 οἷκειόυς
1425 1092 1608 1152 καιρούς,
1643 1096 1711 1137 καὶ

267 1156 443 1211 μάλιστα
467 1158 543 1201 ὅσα
564 1166 647 1210 τοῖς
663 1160 800 1210 ἄλλοις
815 1164 1136 1217 παραλελεῖφθαι
1157 1163 1275 1203 δοκεῖ’.
1719 1170 1763 1205 1⁵

406 1227 450 1271 3.
518 1226 798 1277 Κωνστάντιος
831 1230 963 1270 τοίνυν
1002 1228 1219 1284 ἐπιτρέψας
1250 1227 1408 1271 ἅπαντα
1440 1233 1500 1287 τῷ
1527 1229 1708 1286 Καίσαρι

270 1290 455 1347 πράττειν
481 1293 558 1335 ὅσα
590 1297 783 1338 συνοίσειν
815 1294 940 1337 ἐδόκει
968 1312 1051 1345 τοις
1078 1294 1151 1336 ὑπ’
1182 1295 1303 1338 αὐτὸν
1333 1295 1511 1348 ἔθνεσιν,
1553 1297 1615 1338 ἐπὶ
1636 1295 1708 1350 τὴν

270 1357 372 1415 ἑῴαν
399 1359 558 1417 ἐχώρει,
593 1362 662 1403 τὸν
691 1363 791 1418 πρὸς
809 1363 975 1418 Πέρσας
1003 1361 1175 1416 πόλεμον
1207 1362 1429 1417 διαθήσων.
1493 1363 1709 1413 Ἰουλιανὸς

269 1427 312 1467 δὲ
339 1427 390 1468 τὰ
418 1429 491 1481 μὲν
521 1429 562 1470 ἓν
587 1431 753 1479 Κελτοῖς
783 1431 1046 1486 στρατιωτικὰ
1076 1432 1353 1487 διεφθαρμένα
1384 1431 1488 1473 κατὰ
1519 1431 1563 1474 τὸ
1588 1431 1707 1473 πλέον

269 1491 406 1549 εὖριῦν,
440 1495 534 1545 τοὺς
554 1498 596 1538 δὲ
615 1495 853 1554 βαρβάρους
874 1496 1079 1541 ἀκώλυτον
1099 1497 1261 1551 ἔχοντας
1278 1498 1350 1552 τὴν
1368 1503 1441 1540 τοῦ
1453 1496 1594 1552 εΡήνου
1615 1497 1762 1543 διά-20

265 1565 386 1615 βασιν
421 1564 487 1606 καὶ
516 1568 631 1621 μέχρι
664 1565 805 1618 σχεδὸν
835 1569 915 1608 τῶν
945 1565 1046 1623 πρὸς
1075 1564 1260 1623 θαλάττῃ
1284 1564 1437 1608 πόλεων
1459 1563 1706 1617 διελθόντας,

355 1704 378 1737 2
399 1700 519 1745 μάτην
542 1703 613 1739 LP.
733 1703 756 1738 3
778 1702 952 1747 legendum
976 1704 1122 1738 fortasse
1144 1706 1224 1744 τοῖς
1244 1715 1284 1739 τε
1305 1701 1375 1739 ’ὑπ’
1399 1683 1517 1738 αὐτὸν
1538 1700 1705 1749 τεταγμέ-

352 1759 431 1787 νοις
455 1746 610 1783 ἔθνεσιν.
643 1749 682 1784 S.
774 1750 796 1783 8
819 1748 973 1794 βιβλίοις
994 1749 1036 1784 Ρ.
1129 1751 1173 1785 14
1196 1749 1367 1794 οἰκείους]
1393 1746 1532 1784 ἐκείνου
1554 1749 1596 1784 Ρ.

262 1868 334 1902 dem
351 1868 476 1902 sedatis
493 1870 684 1910 Quadorum
701 1871 995 1914 Sarmatarumque
1009 1870 1152 1904 motibus
1168 1882 1287 1904 versus
1303 1870 1476 1904 Orientem
1500 1869 1630 1916 pergit,
1656 1870 1705 1904 ir-

261 1913 468 1957 ruptionibus
484 1915 628 1948 Persicis
649 1926 722 1948 eum
737 1915 777 1947 ad
792 1915 912 1948 bellum
931 1916 1215 1960 pertrahentibus.
1261 1915 1407 1949 lulianus
1424 1922 1532 1949 autem
1557 1927 1630 1949 cum
1646 1926 1704 1950 su-

261 1958 388 2001 peratis
407 1959 542 2003 Alpibus
556 1960 599 1992 ad
610 1960 761 1993 Gallicas
776 1960 925 1993 nationes
942 1961 1120 1994 attributas
1136 1961 1198 1995 sibi
1213 1959 1434 2005 pervenisset,
1449 1971 1490 1994 ac
1506 1959 1606 1993 nihilo
1622 1961 1704 1994 bar—

261 2002 334 2035 bari
363 2003 467 2035 miuus
497 2004 584 2037 omni
615 2016 686 2038 cum
717 2004 850 2037 licentia
880 2012 1135 2048 grassarentur,
1167 2005 1336 2045 Eusebia,
1373 2004 1556 2038 rationibus
1586 2005 1703 2040 iisdem

260 2058 342 2086 usa,
378 2049 575 2082 Constantio
600 2049 780 2093 persuadet
802 2054 840 2082 ut
861 2060 975 2083 rerum
999 2050 1033 2084 in
1056 2050 1099 2084 iis
1121 2050 1204 2084 locis
1224 2049 1539 2084 administrationem
1561 2049 1593 2083 ei
1610 2061 1702 2085 com-

260 2091 417 2126 mitteret.

350 2137 528 2169 Enimvero
553 2146 638 2181 quae
661 2137 703 2170 ab
721 2149 761 2171 eo
783 2143 933 2183 tempore
948 2151 1011 2183 per
1026 2151 1152 2173 omnem
1169 2139 1326 2183 deinceps
1340 2138 1442 2172 vitam
1459 2138 1608 2173 Iulianus
1621 2150 1702 2184 ges·

260 2181 324 2224 sit,
356 2183 397 2214 ab
421 2181 627 2215 historiarum
651 2183 843 2216 auctoribus
867 2190 901 2217 et
926 2195 947 2216 a
966 2185 1074 2229 poetis
1095 2184 1230 2229 prolixis
1243 2183 1410 2228 descripta
1424 2183 1516 2219 libris
1531 2185 1699 2238 leguntur,

258 2226 389 2260 tametsi
413 2226 520 2260 nullus
545 2237 677 2269 eorum,
710 2228 767 2272 qui
785 2228 867 2261 haec
883 2230 1059 2263 memorzae
1075 2229 1307 2274 prodiderunt,
1341 2228 1489 2274 ipsorum
1514 2230 1699 2264 facinorum

260 2271 455 2315 dignitatem
471 2271 632 2314 attigerit.
678 2273 804 2317 poterit
819 2273 917 2306 etiam
930 2300 941 2316 ,
965 2275 1022 2318 qui
1039 2274 1142 2314 volet,
1167 2274 1275 2307 omnia
1290 2274 1570 2318 comprehendere
1585 2275 1698 2319 perle-

259 2316 377 2360 gendis
393 2316 498 2362 ipsius
512 2316 714 2349 orationibus
729 2323 765 2350 et
780 2318 937 2362 epistolis,
966 2320 1009 2352 de
1024 2320 1142 2363 quibus
1156 2317 1302 2363 inprimis
1316 2319 1359 2351 ab
1374 2330 1415 2351 eo
1431 2330 1492 2363 per
1506 2319 1698 2353 universum

260 2363 373 2394 orbem
389 2367 549 2394 terrarum
565 2367 660 2404 gesta
677 2362 834 2405 colligere
850 2363 939 2398 licet.
985 2365 1045 2397 sed
1069 2363 1203 2409 quando
1225 2374 1287 2407 par
1306 2370 1358 2396 est
1375 2369 1413 2396 ut
1427 2363 1576 2398 ordinem
1590 2363 1698 2398 histo-

258 2407 329 2439 riae
345 2417 411 2439 non
424 2406 701 2451 interrumpamus
715 2432 725 2448 ‚
756 2419 776 2440 a
792 2407 887 2440 nobis
903 2419 1037 2454 quoque
1053 2409 1181 2452 singula
1191 2434 1202 2449 ‚
1232 2408 1365 2441 ratione
1380 2408 1521 2452 quadam
1540 2419 1699 2453 compen—

259 2451 364 2484 diaria
375 2477 385 2494 ,
419 2451 488 2484 suis
503 2451 708 2496 temporibus
724 2458 933 2496 exponentur
944 2478 954 2494 ‚
987 2465 1028 2487 ea
1041 2453 1238 2498 praesertim
1254 2464 1341 2497 quae
1358 2454 1400 2487 ab
1417 2453 1490 2487 aliis
1504 2452 1696 2488 omissaevi-

257 2496 389 2534 dentur.

348 2541 383 2575 3.
430 2540 513 2575 Cum
528 2551 609 2584 ergo
626 2541 841 2574 Constantius
856 2542 965 2575 omnia
981 2541 1186 2586 permisisset
1201 2541 1338 2576 Caesari
1353 2554 1466 2586 agere,
1482 2553 1697 2588 quaecunque

259 2585 417 2618 subiectis
434 2585 463 2618 ei
478 2585 666 2620 nationibus
682 2598 723 2620 ex
742 2597 803 2620 usu
819 2587 933 2620 sutura
949 2592 1102 2631 putaret,
1137 2586 1172 2619 in
1188 2586 1359 2620 Orientem
1386 2587 1559 2620 contendit
1575 2587 1697 2621 bellum

258 2637 378 2662 contra
393 2631 517 2664 Persas
532 2637 697 2674 gesturus.
737 2630 883 2665 Iulianus
897 2636 1006 2665 autem
1022 2643 1094 2664 cum
1110 2643 1238 2664 omnem
1253 2632 1342 2677 apud
1360 2632 1476 2666 Celtas
1490 2643 1559 2666 rem
1574 2631 1696 2665 milita·

258 2685 326 2707 rem
343 2675 456 2708 maiori
473 2687 514 2709 ex
532 2681 628 2719 parte
642 2676 876 2710 labefactatam
894 2684 928 2709 et
944 2676 1104 2720 perditam
1118 2677 1347 2721 repperisset,
1383 2682 1417 2710 et
1434 2677 1595 2710 barbaros
1612 2676 1695 2710 libe-

257 2729 328 2753 rum
344 2725 479 2754 arcente
494 2721 624 2756 nemine
639 2719 747 2781 Rheni
761 2721 987 2757 transmissum
1002 2721 1163 2756 habentes
1173 2748 1183 2764 ‚
1217 2733 1258 2756 ac
1279 2722 1517 2769 propemodum
1537 2721 1581 2758 ad
1597 2723 1697 2756 urbes
