1812 3016
266 70 365 117 402
809 68 1170 112 REITEMEIERI

268 181 487 231 scriptores,
517 177 586 216 sed
604 179 784 217 Zosimus
803 180 887 229 ipse
911 179 967 229 (p.
981 177 1063 219 250
1087 176 1155 229 16)
1175 178 1217 214 in
1236 177 1349 215 Italia
1366 176 1424 228 (et
1441 175 1604 229 quidem
1619 177 1707 214 Me-

269 236 441 287 diolani)
467 233 739 273 Theodosium
757 249 779 272 e
796 236 876 273 vita
898 235 1112 272 excessisse
1130 233 1279 272 scribit.

397 382 466 418 XI.
524 380 593 417 DE
619 379 844 417 ARCADIO
874 380 946 416 ET
975 379 1200 417 HONORIO
1230 378 1273 428 (l.
1296 377 1322 419 5
1340 391 1374 415 c.
1397 377 1577 427 1—25).

379 470 497 507 Libro
521 470 657 520 quinto
676 467 919 518 ingredimur
934 466 1139 505 historiam
1158 480 1180 504 a
1200 468 1359 504 Zosimo
1381 479 1460 504 non
1482 464 1711 516 perfuncto-

269 528 326 564 rie
349 533 387 564 et
402 528 488 562 viae
510 523 745 562 muniendae
767 523 818 561 ad
835 525 912 561 alia
928 530 1081 560 tantum
1100 535 1237 571 causa,
1274 529 1317 559 ut
1343 523 1520 573 superior
1546 519 1709 558 historia

267 584 411 633 scripta
430 582 523 628 suit,
563 580 633 618 sed
653 594 723 631 pro
745 581 906 618 consilio
928 581 1076 630 incepti
1091 579 1276 630 primario
1297 591 1452 615 summo
1473 590 1562 614 cum
1579 575 1708 614 studio

268 650 314 675 ac
341 651 431 675 cura
458 637 690 688 dispositam
712 643 750 673 et
775 637 1033 686 explicatam,
1072 637 1113 671 in
1142 647 1219 686 qua
1243 635 1495 684 Eunapianae
1524 631 1708 669 historiae

267 702 464 745 postrema
485 699 708 743 persecutus
729 699 808 740 est,
848 699 1037 743 tanquam
1054 692 1251 741 scriptoris
1275 691 1344 741 qui
1369 702 1430 726 res
1452 701 1545 726 suae
1570 688 1708 724 aetatis

271 757 310 787 et
327 751 398 787 sub
419 750 540 787 oculis
559 750 639 786 suis
661 755 790 798 gestas
811 748 1008 785 scriberet.
1066 759 1088 782 a
1110 748 1330 796 suspicione
1344 747 1386 782 in
1405 757 1525 796 quam
1541 744 1590 781 ob
1613 743 1709 780 reli-

269 808 397 856 gionis
413 804 587 842 studium
607 811 691 840 tum
707 805 909 854 Eunapius
930 810 1015 839 tum
1031 804 1211 839 Zosimus
1230 814 1252 838 a
1270 800 1498 838 Christianis
1516 798 1707 836 adductus

267 863 364 908 fuit,
405 863 447 897 in
475 860 537 898 his
565 859 739 897 historiis
757 889 767 907 ,
808 872 908 911 quae
934 860 1132 910 iniquitati
1152 865 1189 895 et
1206 858 1448 907 sugillationi
1469 857 1535 893 isti
1555 856 1709 892 nullam

268 919 602 968 opportunitatem
618 915 819 966 praebent,
848 917 1034 951 immunis
1054 921 1216 965 uterque
1237 926 1320 950 esse
1341 912 1469 949 debet.
1526 913 1569 948 in
1592 911 1708 948 rebus

267 975 365 1024 ipsis
392 971 639 1024 exponendis
659 972 882 1021 Eunapius,
935 977 1126 1022 quantum
1155 983 1207 1006 ex
1232 971 1390 1006 Zosimo
1410 963 1590 1005 ⁴indicare
1617 968 1710 1003 licet

269 1031 378 1079 (nam
397 1042 448 1065 ex
467 1030 590 1079 ipsius
609 1026 770 1064 historia
788 1025 889 1063 nihil
907 1027 950 1063 in
968 1026 1198 1076 fragmentis
1218 1031 1414 1062 servatum
1433 1031 1492 1061 est
1508 1021 1615 1074 quod
1632 1021 1710 1059 huc

268 1087 483 1136 pertineat,
523 1091 561 1120 et
582 1090 736 1134 praeter
750 1084 883 1120 locum
910 1084 954 1119 iu
971 1084 1052 1119 vita
1069 1083 1236 1118 Maximi
1258 1102 1310 1108 —
1331 1079 1413 1117 vid.
1435 1080 1586 1117 Comm.
1606 1080 1709 1116 Hist.

270 1154 306 1179 c.
325 1141 350 1181 5
376 1162 423 1169 —
448 1139 644 1192 quaedam
663 1138 782 1176 modo
800 1140 841 1175 in
858 1137 983 1176 Suida
1002 1137 1096 1175 inde
1115 1136 1352 1188 supersunt),
1375 1138 1431 1173 ita
1453 1141 1628 1183 versatus
1651 1140 1710 1172 est

268 1204 313 1234 ut
332 1195 537 1234 historiam
558 1196 746 1243 Orientis,
787 1196 933 1246 quippe
954 1193 1004 1230 ad
1022 1195 1201 1231 notitiam
1218 1195 1463 1244 propiorem,
1493 1192 1709 1228 accuratius

270 1259 490 1300 enarraret,
532 1252 656 1288 veluti
679 1252 838 1301 nuptias
864 1249 1070 1287 Eudoxiae
1096 1262 1128 1286 o.
1153 1252 1199 1297 3,
1241 1247 1418 1286 Alarichi
1442 1249 1484 1284 in
1505 1247 1711 1283 Graeciam

269 1310 535 1345 incursionem
554 1320 588 1344 c.
608 1307 743 1354 5—8,
774 1305 936 1343 caedem
952 1305 1082 1342 Rufini
1102 1318 1135 1341 c.
1154 1308 1193 1353 7,
1223 1306 1392 1341 Timasii
1410 1304 1540 1352 Bargi,
1568 1303 1711 1339 Abun-

270 1363 395 1401 dantii
415 1377 448 1400 c.
468 1366 558 1404 8—
575 1366 617 1402 11
632 1391 643 1410 ‚
682 1363 862 1412 inprimis
890 1362 1148 1398 rebellionem
1166 1359 1380 1410 Tribigildi
1412 1372 1445 1396 c.
1469 1358 1520 1398 13
1533 1360 1646 1399 —19
1670 1363 1711 1394 et

269 1421 407 1456 Gainis
425 1433 458 1455 c.
482 1421 593 1460 19-
606 1421 659 1459 23
671 1446 682 1465 ,
712 1424 751 1454 et
770 1418 981 1454 concitatos
1003 1417 1050 1453 ob
1070 1418 1257 1453 Ioannem
1272 1417 1500 1466 episcopum
1517 1413 1710 1450 tumultus

270 1489 304 1512 c.
325 1477 393 1515 23.
417 1473 483 1515 24.
542 1486 603 1510 res
625 1487 717 1510 vero
739 1475 780 1509 in
801 1471 1033 1510 occidentali
1052 1484 1171 1522 regno
1195 1478 1323 1521 gestas
1343 1483 1481 1521 parum
1501 1468 1711 1519 diligenter

268 1527 451 1577 tradidit,
495 1530 591 1566 alias
622 1529 844 1580 perturbate
877 1535 916 1564 et
945 1528 1127 1575 confuse,
1174 1534 1216 1563 ut
1245 1527 1502 1564 rebellionem
1531 1524 1710 1562 Gildonis

270 1600 304 1624 c.
326 1587 392 1633 11,
423 1587 619 1636 exposuit,
650 1585 747 1622 alias
764 1586 868 1621 male
887 1585 1031 1629 omisit,
1054 1585 1095 1619 iu
1116 1583 1257 1634 quibus
1278 1588 1432 1633 praeter
1450 1595 1512 1619 res
1527 1582 1570 1617 in
1581 1581 1710 1617 Gallia

270 1650 309 1679 et
326 1643 531 1679 Britannia
547 1647 677 1691 gestas
693 1643 903 1691 praecipue
919 1638 1097 1676 Alarichi
1123 1640 1250 1689 prima
1275 1640 1317 1675 in
1331 1639 1488 1675 Italiam
1506 1635 1709 1674 descensio

269 1697 374 1747 (vid.
404 1710 547 1734 comm.
577 1695 628 1733 ad
654 1709 687 1733 c.
707 1699 760 1737 26
781 1697 891 1743 init.)
910 1694 1092 1746 ponenda
1109 1702 1179 1732 est.
1239 1694 1316 1731 alia
1332 1695 1542 1732 omissione
1560 1693 1711 1730 factum

270 1760 330 1791 est
357 1759 402 1790 ut
426 1752 519 1789 inde
547 1753 594 1788 ab
628 1765 730 1789 anno
757 1752 838 1792 398
867 1753 1049 1788 Zosimus
1074 1749 1280 1788 historiam
1305 1748 1524 1788 Occidentis
1548 1749 1709 1786 omnino

267 1823 349 1847 non
365 1811 573 1859 attingeret
587 1837 596 1855 ‚
627 1814 666 1844 et
685 1821 756 1858 per
783 1810 832 1848 12
850 1820 973 1844 annos
994 1813 1148 1843 tantum
1166 1819 1227 1843 res
1247 1807 1290 1842 in
1310 1806 1466 1844 Oriente
1483 1812 1614 1856 gestas
1634 1817 1710 1841 ex-

268 1865 445 1916 plicaret.
504 1862 734 1914 supplendis
759 1861 1094 1914 emendandisque
1118 1864 1167 1899 iis
1193 1874 1294 1913 quae
1320 1861 1461 1899 desunt
1488 1868 1556 1898 aut
1577 1861 1710 1897 minus

269 1927 374 1958 recte
402 1921 581 1969 exposita
608 1925 720 1967 sunt,
763 1925 927 1969 possunt
954 1917 1005 1955 ad
1037 1925 1154 1969 caput
1173 1930 1296 1969 usque
1323 1918 1375 1957 19
1393 1918 1570 1954 maxime
1588 1916 1710 1953 Clau-

271 1975 379 2013 diani
398 1976 570 2012 carmina
586 1976 774 2012 inservire
786 2003 796 2022 ,
837 1987 938 2026 quae
957 1987 1115 2011 omnem
1130 1975 1212 2010 fere
1237 1971 1353 2010 huius
1372 1973 1559 2023 temporis
1580 1970 1709 2009 histo-

270 2034 370 2069 riam
394 2029 616 2068 Occidentis
638 2031 858 2077 continent3
898 2037 1099 2080 praeterea
1125 2030 1407 2067 ecclesiasticae
1428 2027 1615 2065 historiae
1634 2040 1708 2064 au-

270 2095 395 2125 ctores
413 2084 700 2133 Theodoretus‚
729 2086 921 2134 Socrates,
940 2086 1194 2133 Sozomenus‚
1222 2083 1531 2134 Philostorgius3
1560 2084 1710 2134 passim

271 2156 429 2195 quoque
450 2143 628 2189 Orosius,
662 2140 897 2189 Iomandes,
930 2143 1212 2193 Hieronymus,
1242 2139 1465 2190 Frigeridus
1482 2138 1590 2190 apud
1608 2139 1709 2176 Gre-

269 2201 424 2250 gorium
441 2200 717 2235 Turonensem
729 2226 739 2245 ,
770 2199 935 2234 Ioannes
954 2196 1222 2235 Antiochenus
1241 2198 1283 2233 in
1299 2197 1507 2246 Excerptis
1529 2195 1709 2233 Valesia-

268 2257 331 2292 nis
350 2262 389 2292 et
408 2251 707 2303 chronographi.
764 2254 885 2290 rarior
907 2266 1001 2291 usus
1020 2260 1079 2291 est
1099 2250 1350 2305 Symmachi,
1379 2251 1549 2304 Syuesii,
1578 2249 1708 2302 Chry-

269 2313 432 2349 sostomi
451 2317 489 2348 et
510 2308 656 2347 codicis
675 2307 958 2346 Theodosiani.

381 2403 422 2440 p.
443 2387 525 2431 246
542 2401 581 2424 v.
600 2387 640 2427 8.
698 2384 778 2423 vid.
799 2386 951 2423 Comm.
981 2384 1032 2423 ad
1049 2387 1077 2423 l.
1102 2389 1127 2428 3
1156 2385 1207 2423 ad
1232 2386 1364 2436 legem
1381 2386 1496 2423 Corn.
1523 2383 1573 2421 de
1593 2384 1706 2420 sicar.

270 2457 381 2482 num.
405 2446 469 2485 11.
527 2442 628 2481 adde
647 2443 815 2493 Pagimn
832 2443 873 2478 in
894 2443 1024 2479 Critic.
1043 2440 1095 2478 ad
1110 2454 1146 2479 a.
1163 2442 1243 2484 395
1262 2444 1350 2479 init.
1370 2449 1397 2479 t.
1417 2445 1455 2490 2,
1487 2447 1526 2478 et
1541 2439 1707 2478 Suidam

270 2513 324 2538 ex
339 2502 520 2551 Eunapio
541 2512 626 2537 voc.
645 2497 860 2549 Ῥουφῖνος.
917 2498 1059 2534 Κίίίεν.

378 2592 418 2629 p.
435 2577 515 2619 247
535 2590 573 2614 v.
590 2580 628 2617 2.
685 2575 815 2614 Rufini
834 2577 1040 2613 avaritiam
1064 2582 1174 2614 notat
1202 2587 1359 2626 quoque
1378 2571 1641 2626 Symmachus
1662 2573 1707 2625 (6

268 2648 329 2685 ep.
353 2634 424 2684 15)
439 2665 449 2682 ,
480 2647 502 2670 a
523 2645 600 2684 quo
619 2631 766 2684 praedo
786 2638 944 2670 vocatur
962 2644 1148 2671 annosus.
1187 2631 1238 2668 cf.
1261 2633 1427 2669 Ioannes
1441 2628 1708 2668 Antiochenus

264 2692 305 2725 in
325 2691 423 2728 Exc.
445 2688 578 2730 vales.
602 2701 642 2740 p.
664 2688 759 2730 848,
