1774 3002
251 70 316 117 38
879 68 1077 114 ZOSIMI

253 184 340 240 βῶν
368 180 573 226 Κλαύδιον
596 182 642 233 ὃς
667 183 769 237 μετὰ
798 183 968 237 βασιλέα
1007 185 1088 225 τῶν
1123 179 1226 224 ὅλων
1257 176 1523 238 ἐπιτροπεύειν
1557 176 1698 231 ἐδόκει,

254 252 436 296 θάνατον
456 249 698 307 ἐπιβουλεύει
718 253 759 292 Γ
756 255 943 309 αλλιηνῷ.
991 250 1120 307 ἄνδρα
1154 250 1198 292 δὲ
1227 246 1353 306 εὖρῶν
1386 250 1442 298 εἷς
1458 247 1510 290 τὰ
1533 252 1700 290 τοιαῦτα

255 318 562 378 προχειρότατον
587 318 631 370 ὃς
650 323 722 374 τῆς
741 323 821 362 τῶν
839 319 1072 373 Δαλματῶν
1091 313 1211 374 ἦρχεν
1241 316 1350 371 ἴλης,
1385 317 1582 373 ἐγχειρίζει
1605 313 1701 358 τού-

254 406 313 447 τῳ
329 389 402 443 τὴν
422 391 577 445 πρᾶξιν.
631 385 652 429 ὃ
677 388 719 429 δὲ
741 387 903 437 ἐπιστὰς
923 391 981 445 τῷ
1001 388 1039 428 Γ
1035 389 1209 443 αλλιηνῷ
1227 384 1583 441 δειπνοποιουμένῳ
1593 415 1607 435 ,
1635 384 1702 425 καὶ

257 455 393 514 φήσας
412 456 593 511 ἀγγεῖλαί
616 472 704 498 τινα
735 460 815 497 τῶν
843 452 1104 497 κατασκόπων
1133 451 1189 503 ὥς
1219 453 1423 509 Αὖριόλος
1450 450 1537 505 ἅμα
1561 455 1612 508 τῇ
1630 450 1735 493 σῦν5

257 525 368 582 αὐτῷ
395 522 559 577 δυνάμει
592 521 808 579 προσάγει,
843 530 926 573 τοῖς
952 520 1146 571 τοιούτοις
1176 518 1342 575 ἐπτόησε
1377 518 1523 575 λόγοις.
1599 517 1705 560 ὅπλα

257 609 300 635 τε
329 587 399 634 οὖν
425 591 510 648 ᾔτει
534 593 600 633 καὶ
623 590 709 645 ἅμα
738 591 877 646 θορὼν
898 592 939 640 ἐς
963 590 1031 632 τὸν
1048 591 1171 631 ἵππον
1190 587 1382 642 σύνθημα
1401 594 1486 637 τοῖς
1506 585 1706 643 στρατιώ-

257 677 347 710 ταις
368 661 499 701 ἐδίδου
526 659 628 712 μετὰ
654 663 734 701 τῶν
751 652 884 701 ὅπλων
905 659 1164 708 ἀκολουθεῖν,
1199 658 1265 699 καὶ
1292 656 1385 698 οὐδὲ
1410 655 1505 705 τοὺς
1526 657 1706 711 δορυφο-

259 732 430 784 ροῦντας
445 725 700 780 ἐκδεξάμενος
720 725 879 781 ἤλαυνε.
946 726 1095 782 γυμνὸν
1121 719 1191 767 οὖν
1218 722 1240 766 ὅ
1270 722 1437 781 ἰλάρχης
1455 721 1707 776 θεασάμενος

259 794 520 851 ἀποσφάττει.
589 792 693 849 (41)
727 799 807 836 τῶν
838 795 881 836 δὲ
908 798 1162 850 στρατιωτῶν
1187 790 1359 834 κελεύσει
1381 795 1460 834 τῶν
1480 789 1707 846 ἡγουμένων
1719 797 1763 832 10

46 866 204 901 Claudius
217 861 550 917 ΙΙ.ἡσυχασάν’των
560 894 574 913 ,
607 860 812 912 Κλαύδιος
831 861 904 916 τὴν
925 866 1004 903 τῶν
1028 861 1132 903 ὅλων
1153 858 1364 915 ἡγεμονίαν
1385 856 1708 915 παραλαμβάνει,

111 925 142 948 a.
157 915 225 949 268

260 933 328 973 καὶ
351 929 544 987 πρότερον
567 933 640 982 τῆς
660 934 793 984 κοινῆς
814 928 959 985 ψήφου
981 927 1128 983 ταύτην
1153 926 1300 982 δούσης
1318 927 1439 984 αὐτῷ.
1504 926 1709 982 Λῦριόλος

259 1000 323 1040 ἐπὶ
349 996 498 1054 χρόνον
520 997 665 1051 συχνὸν
694 996 771 1047 ἔξω
802 1001 874 1052 τῆς
899 998 940 1037 Γ
937 1000 1126 1051 αλλιηνοῦ
1155 993 1412 1048 καταστήσας
1433 991 1576 1036 ἐαυτὸν
1597 995 1711 1043 ἐξου-

260 1068 353 1116 σίας
375 1063 678 1122 ἐπεκηρυκεύετό
699 1082 740 1107 τε
761 1068 1010 1121 παραχρῆμα
1035 1064 1135 1120 πρὸς
1153 1061 1381 1113 Κλαύδιον,
1415 1063 1483 1103 καὶ
1503 1060 1712 1118 παραδοὺς

264 1132 407 1176 ἑαυτὸν
425 1131 503 1174 ὑπὸ
531 1137 610 1175 τῶν
626 1134 715 1190 περὶ
736 1132 804 1174 τὸν
825 1133 997 1186 βασιλέα
1019 1136 1274 1189 στρατιωτῶν
1299 1131 1540 1187 ἀναιρεῖται,
1572 1133 1624 1186 τῇ
1644 1128 1765 1172 duim

262 1202 335 1257 τὴν
361 1199 581 1243 ἀπόστασιν
598 1201 793 1254 ἐχομένων
813 1201 925 1256 ὀργῇ.

397 1267 478 1313 42.
546 1269 668 1310 Κατὰ
688 1271 828 1310 τοῦτον
857 1268 907 1321 δὴ
927 1266 995 1309 τὸν
1012 1262 1159 1321 χρόνον
1180 1268 1356 1307 Σκυθῶν
1379 1264 1418 1306 οἳ
1435 1263 1716 1320 περιλειφθέν-

265 1353 350 1386 τες,
390 1337 432 1377 ἐκ
462 1339 543 1377 τῶν
571 1339 861 1391 προλαβουσῶν
904 1334 1144 1390 ἐπαρθέντες
1178 1331 1358 1389 ἐφόδων,
1397 1329 1614 1388 Ἓρούλους
1647 1333 1730 1386 καὶΔ

264 1402 430 1452 Πεύκας
456 1404 523 1444 καὶ
545 1404 585 1443 Γ
582 1401 731 1452 ότθους
753 1400 1054 1458 παραλαβόντες
1076 1402 1144 1442 καὶ
1173 1402 1262 1457 περὶ
1288 1399 1357 1442 τὸν
1377 1397 1518 1455 Τύραν
1534 1398 1716 1452 ποταμὸν

266 1471 567 1528 ἀθροισθέντες,
591 1469 636 1520 ὃς
654 1472 709 1520 εἷς
733 1469 801 1512 τὸν
818 1468 978 1512 Πόντον
998 1467 1210 1523 εἰσβάλλει,
1229 1465 1577 1523 ναυπηγησάμενοι
1595 1470 1772 1511 πλοῖα20

356 1622 380 1657 3
404 1616 446 1660 ὃς
463 1621 541 1666 τῆς]
556 1621 633 1656 libri
649 1617 758 1661 ὅστις.
881 1622 924 1656 12
946 1618 1124 1664 Αὐρήλιος
1141 1620 1210 1654 LP.
1232 1619 1320 1653 adde
1337 1617 1391 1654 δέ.
1528 1618 1571 1653 15
1593 1618 1719 1652 sollen-

357 1667 433 1700 nius
453 1672 506 1701 est
528 1667 595 1710 τῆς
621 1664 731 1710 ὀργῆς
756 1664 904 1710 ἔχεσθαι
926 1668 963 1699 in
985 1667 1041 1699 ira
1054 1667 1245 1710 persistere.
1271 1665 1319 1698 H.
1457 1664 1501 1699 19
1523 1663 1647 1698 Suidas
1662 1665 1718 1708 (v.

357 1710 536 1754 Σκύθαι)
560 1710 790 1752 Πευκέστας,
826 1711 1045 1744 casaubonus
1071 1711 1290 1750 Πευκίνουςς
1323 1709 1372 1743 ita
1398 1709 1485 1751 enim
1507 1709 1717 1751 Ptolemaeo,

357 1757 443 1790 Iulio
460 1757 672 1801 Capitolino,
695 1757 868 1790 Trebellio
887 1757 1029 1789 Pollioni
1044 1761 1229 1797 vocantur,
1251 1754 1407 1788 loruandi
1425 1755 1581 1788 Peuceni.
1672 1755 1719 1788 20

358 1802 498 1835 Suidas:
524 1800 790 1844 ἀθροισθέντες
803 1799 991 1847 εἰσέβαλον
1008 1801 1060 1841 εἰς
1077 1799 1145 1836 τὸν
1162 1800 1322 1845 Πόντον,
1335 1797 1658 1844 ναυπηγησάμενοι
1677 1795 1718 1833 δὲ

360 1848 472 1880 πλοῖα
491 1843 694 1883 ἐννακόσια.

271 1979 336 2013 silii
358 1979 535 2014 Claudium
561 1984 699 2024 nactus,
729 1981 787 2025 qui
821 1981 1000 2015 secundum
1029 1981 1264 2024 imperatorem
1296 1977 1575 2013 administrationi
1607 1988 1720 2012 rerum

272 2036 429 2070 praeesse
453 2025 648 2067 videbatur,
668 2037 782 2059 necem
809 2027 963 2059 Gallieno
981 2026 1129 2060 molitur.
1174 2035 1315 2068 cumque
1327 2023 1534 2068 repperisset
1554 2023 1721 2057 bominem

273 2070 317 2103 ad
343 2070 569 2114 perpetranda
597 2071 753 2104 eiusmodi
780 2071 1086 2115 expeditissimum,
1119 2069 1178 2113 qui
1196 2070 1268 2102 alae
1284 2069 1514 2102 Dalmatarum
1529 2069 1723 2112 praefectus

272 2120 360 2157 erat,
383 2126 451 2147 rem
468 2115 498 2148 ei
515 2115 750 2159 perficiendam
766 2116 954 2148 committit.
1002 2115 1137 2148 adstans
1159 2114 1215 2147 ille
1231 2113 1364 2147 cenanti
1380 2113 1548 2156 Gallieno,
1571 2124 1646 2147 cum
1660 2124 1722 2147 ex-

273 2159 477 2205 ploratorem
501 2161 667 2203 quendam
694 2161 861 2194 nuntiasse
883 2160 1022 2194 dixisset
1045 2159 1223 2193 Aureolum
1247 2170 1321 2192 cum
1343 2158 1446 2202 copiis
1461 2158 1530 2192 suis
1545 2158 1723 2199 accedere,

276 2204 438 2238 hominem
463 2205 576 2239 verbis
600 2205 785 2239 huiusmodi
812 2205 944 2240 terruit.
990 2210 1195 2249 quapropter
1217 2215 1308 2238 arma
1327 2214 1480 2248 poscens,
1504 2203 1587 2237 etin
1601 2213 1725 2247 equum

275 2249 436 2291 insiliens,
459 2250 589 2293 signum
614 2250 770 2284 militibus
794 2251 897 2283 dabat
915 2255 953 2283 ut
971 2261 1009 2283 se
1025 2261 1097 2283 cum
1113 2249 1213 2283 armis
1226 2253 1463 2293 sequerentur;
1486 2260 1527 2282 ac
1542 2259 1585 2282 ne
1599 2259 1724 2292 corpo-

275 2295 323 2328 ris
339 2294 471 2338 quidem
495 2294 716 2340 stipatoribus
740 2295 940 2340 exspectatis
963 2295 1190 2338 abequitabat.
1234 2294 1350 2338 itaque
1364 2294 1555 2338 praefectus
1569 2293 1645 2327 alae
1659 2303 1725 2326 nu-

278 2340 355 2372 dum
371 2340 582 2384 conspicatus
598 2340 770 2375 interficit.
816 2341 916 2384 (41)
940 2351 1013 2373 cum
1038 2339 1156 2373 milites
1178 2339 1296 2372 ducum
1311 2339 1402 2372 iussu
1418 2337 1587 2382 tranquilli
1601 2340 1722 2380 essent,

279 2384 439 2417 Claudius
460 2384 633 2428 imperium
657 2385 892 2430 consequitur,
916 2385 1005 2429 quod
1025 2392 1125 2418 antea
1139 2394 1274 2428 quoque
1289 2383 1453 2417 communi
1468 2383 1596 2416 calculo
1608 2382 1723 2416 datum

279 2430 311 2462 ei
327 2431 449 2464 fuerat.
494 2431 661 2464 Aureolus
673 2458 683 2473 ,
704 2431 762 2474 qui
780 2430 862 2463 satis
877 2430 975 2473 longo
995 2435 1147 2473 tempore
1160 2441 1197 2462 se
1211 2430 1325 2462 fuerat
1341 2433 1469 2462 tutatus
1484 2439 1551 2472 quo
1565 2427 1673 2461 miuus
1686 2426 1724 2461 iu

279 2475 427 2507 Gallieni
453 2480 652 2517 potestatem
674 2475 806 2509 veniret
819 2500 826 2509 .
851 2476 962 2509 statim
984 2475 1026 2509 de
1051 2486 1137 2519 pace
1159 2475 1291 2518 legatos
1312 2474 1355 2507 ad
1377 2473 1550 2508 Claudium
1572 2473 1724 2515 ablegat.

281 2531 423 2564 cumque
441 2531 478 2553 se
500 2520 697 2561 dedidisset,
721 2532 741 2553 a
756 2521 913 2553 militibus
928 2520 984 2564 qui
999 2524 1141 2564 propter
1153 2519 1386 2563 imperatorem
1401 2522 1499 2552 erant
1511 2517 1724 2561 interficitur,

280 2565 371 2608 quod
387 2573 582 2609 conceptam
597 2565 632 2598 in
646 2565 735 2598 illum
753 2577 795 2598 ex
810 2577 911 2598 causa
926 2565 1123 2598 defectionis
1135 2564 1216 2597 iram
1232 2564 1372 2597 necdum
1386 2562 1633 2607 deposuissent.

371 2611 426 2643 42.
472 2610 549 2644 Hoc
573 2615 723 2654 tempore
745 2615 912 2655 quotquot
934 2614 1031 2643 erant
1055 2610 1207 2653 Scythae
1229 2608 1429 2653 superstites
1446 2607 1563 2641 animis
1586 2608 1725 2652 propter

282 2654 512 2696 expeditiones
534 2656 696 2689 hactenus
719 2661 891 2699 susceptas
915 2655 1013 2698 elati,
1036 2654 1203 2688 adiunctis
1225 2653 1289 2688 sibi
1302 2652 1439 2686 Herulis
1461 2651 1582 2685 Peneis
1597 2655 1633 2685 et
1652 2653 1727 2685 Go-

283 2698 360 2742 this,
384 2700 583 2745 collectique
597 2706 737 2747 propter
758 2701 891 2745 Tyrum
905 2699 1043 2735 fluvium
1065 2700 1099 2734 in
1118 2700 1261 2734 Pontum
1273 2700 1379 2733 semet
1392 2701 1642 2738 exonerantem,
1663 2707 1726 2731 sex
