1812 3016
381 94 820 140 comtENTARIUs
860 95 1210 140 HISTORICUS.
1425 96 1526 144 337

82 204 223 250 ἰαιτία,
242 203 298 270 ait
311 203 489 243 'ri-eben.
504 205 634 243 Pollio
650 205 693 242 iu
710 204 906 243 Valeriam
928 206 966 246 1.
993 216 1092 243 mox
1112 204 1282 256 Scythae
1295 210 1389 243 sunt
1403 205 1524 245 Gothi

82 267 124 299 et
141 261 307 367 cni-529
327 328 367 353 v.
386 317 427 356 1.
483 314 623 354 eadem
645 316 730 354 fere
753 315 962 368 Syncellus
980 314 1100 354 tradit
1118 329 1160 368 Ρ.
1182 319 1263 359 803
1283 318 1319 354 1)
1339 315 1404 356 ed.
1422 318 1523 358 ven.

82 378 123 410 et
139 372 311 409 Zouam
327 373 433 410 Anu.
459 374 509 414 12
536 375 605 414 23.

192 428 246 464 ib.
273 436 312 465 v.
330 430 371 468 7.
427 429 599 480 primum
631 439 655 464 a
682 433 821 465 senatu
848 424 1050 464 Gallienus
1071 427 1214 464 Caesar
1239 429 1397 480 (Victor
1413 436 1524 469 uter-

81 495 159 536 que
179 482 267 534 23),
294 491 431 535 postea
448 486 649 534 Augustus
667 483 847 534 (Eutrop-
867 485 893 524 9
921 483 966 534 6)
988 480 1114 520 dictus
1134 490 1205 521 est.

191 539 245 576 ih.
268 552 307 576 v.
325 536 393 580 21.
449 537 589 578 foedus
608 537 859 577 matrimonio
880 539 1149 576 confirmatum
1172 538 1269 586 fuit3
1309 553 1403 578 nam
1424 542 1523 579 Gal·

79 594 208 633 lienus
227 590 511 650 duxitlbarbari
529 593 635 634 illius
652 592 755 646 regis
774 593 909 632 filiam.
966 607 1006 633 v·
1028 593 1159 634 Victor
1175 602 1339 648 uterque
1361 604 1400 635 et
1418 598 1524 636 Tre-

78 650 174 688 bell.
194 652 320 689 Pollio
344 652 385 688 in
403 653 597 689 Gallieno.
664 651 807 690 cellar.

190 720 231 758 p.
252 710 306 749 30
331 720 367 744 v.
389 710 456 748 20.
498 709 636 759 Pityus
657 706 844 758 oppidum
864 704 1208 758 opulentissimum
1224 705 1265 743 in
1284 704 1424 745 intimo
1441 712 1524 746 tra·

82 769 147 800 ctu
168 763 309 800 littoris
326 765 478 801 Pontici
499 771 587 814 post
605 762 849 801 colchidem.
892 764 995 800 Plin.
1013 765 1039 803 6
1070 764 1111 804 5.
1158 775 1250 800 vere
1272 776 1365 814 ergo
1383 765 1524 803 Strabo

80 814 151 855 lib·
170 822 198 860 2
222 824 336 856 vocat
354 817 427 859 τὼν
446 822 674 860 Πιτυοῦντα
690 811 757 860 τᾶν
776 815 911 871 μέγαν.
978 818 1123 857 Cellar.

189 888 230 926 Ρ.
249 877 302 917 33
322 887 361 912 v.
380 875 420 917 4.
476 867 688 927 Ἀγχίαλον.
745 873 863 911 huius
888 872 995 911 urbis
1026 886 1047 910 a
1073 871 1248 911 barbaris
1271 881 1523 926 oppugnatae

78 926 293 968 Iomandes
313 943 471 983 quoque
493 930 561 982 (de
581 927 663 968 reb.
684 931 771 967 Get.
793 928 864 980 20)
883 927 1124 967 mentionem
1144 927 1292 967 iniecit.

191 986 246 1023 ib.
280 1000 320 1023 v.
342 989 408 1028 18.
465 986 708 1024 tradentibus
733 985 997 1036 Philostorgio
1031 992 1070 1023 et
1096 986 1215 1023 Treb.
1246 986 1425 1023 Pollione
1459 985 1526 1037 (in

79 1037 247 1080 Gallien-
269 1042 325 1092 4)
350 1043 528 1091 barbari,
563 1040 785 1080 incursione
811 1042 936 1089 facta,
975 1054 1055 1078 non
1084 1038 1127 1078 iu
1149 1039 1379 1091 Bithyniam
1402 1042 1523 1081 modo

78 1097 151 1135 sed
172 1100 212 1135 iu
233 1093 522 1149 Cappadociam
550 1110 707 1152 quoque
732 1095 847 1135 effusi
873 1094 1052 1148 praedati
1071 1104 1174 1135 sunt.
1232 1096 1324 1134 add.
1346 1096 1523 1150 Syncell.

77 1167 105 1205 P
191 1221 228 1261 p.
250 1210 304 1253 34
322 1218 360 1247 v.
381 1205 446 1252 13.
504 1204 553 1248 de
575 1207 712 1262 Syriae
731 1217 769 1247 et
786 1206 905 1248 Asiae
921 1205 1139 1247 vastatione
1158 1222 1210 1247 ex
1228 1207 1437 1248 Persarum
1456 1212 1522 1249 iu-

78 1267 296 1304 cursatione
317 1267 437 1304 nimis
456 1275 571 1318 parce
594 1263 675 1318 agit
692 1262 887 1304 Zosimus.
916 1265 1137 1303 Antiochia
1158 1273 1243 1303 tum
1262 1274 1397 1317 capta:
1424 1281 1521 1305 con-

76 1324 264 1360 troversia
282 1324 416 1359 tamen
435 1330 494 1360 est
513 1321 563 1360 de
587 1336 713 1371 anno,
753 1318 854 1360 sitne
883 1329 996 1372 capta
1023 1334 1061 1358 a.
1089 1323 1171 1363 258
1203 1329 1294 1359 ante
1320 1321 1520 1362 Valeriani

77 1378 393 1429 expeditionem,
433 1391 483 1415 au
508 1387 596 1430 post
621 1381 705 1416 eius
728 1379 1017 1429 captivitatem,
1061 1389 1139 1428 quo
1156 1374 1390 1416 Ammianus
1409 1381 1463 1420 22
1493 1377 1522 1422 5

75 1446 260 1472 revocare
276 1433 452 1482 videtur,
482 1437 550 1488 qui
571 1436 741 1472 Gallieni
764 1434 1006 1485 temporibus
1026 1434 1201 1470 evenisse
1220 1435 1286 1471 ait.
1342 1436 1522 1487 sequitur

76 1488 155 1527 hoo
178 1489 335 1528 Gibbon
354 1491 401 1529 Vi
426 1490 470 1528 C·
503 1501 644 1542 parum
664 1498 798 1528 tamen
819 1490 1021 1540 probabile
1044 1493 1102 1526 est
1121 1496 1209 1539 post
1231 1486 1384 1528 cladem
1406 1492 1520 1529 illam

75 1542 274 1583 Valeriani
297 1553 380 1583 tam
406 1559 542 1584 secure
563 1549 690 1598 egisse
706 1541 995 1592 Antiochenos,
1026 1546 1069 1581 ut
1098 1540 1203 1582 ludis
1228 1543 1391 1584 scenicis
1417 1549 1520 1585 assi-²

77 1599 216 1640 dentes
233 1604 546 1654 opprimerentur
561 1616 583 1640 a
606 1604 757 1649 Persis3
791 1615 865 1638 nec
883 1602 1117 1637 Ammianus
1148 1595 1197 1636 de
1230 1607 1342 1652 capta
1364 1609 1519 1640 tantum

74 1656 285 1695 Antiochia
323 1666 476 1706 narrat,
529 1653 600 1696 sed
628 1660 787 1696 omnino
815 1658 1025 1694 Persarum
1054 1657 1292 1693 vastationes
1320 1670 1400 1694 una
1430 1671 1521 1696 cum

76 1712 206 1751 reditu
239 1711 290 1750 ad
315 1726 408 1761 sua3
447 1721 533 1751 tum
560 1710 629 1751 ille
654 1710 778 1751 obiter
802 1721 886 1749 rem
908 1709 1027 1748 modo
1052 1707 1192 1760 attigit.
1251 1715 1290 1748 at
1321 1713 1363 1749 in
1385 1716 1519 1752 nostro

74 1765 236 1807 Zosimo
253 1769 363 1806 locus
384 1776 443 1807 est
458 1768 537 1806 huc
556 1765 826 1814 advocandus,
856 1767 928 1804 inf.
952 1770 977 1808 3
1007 1769 1078 1814 82,
1109 1767 1176 1802 ubi
1194 1763 1428 1806 Antiochiae
1449 1778 1518 1807 ca-

74 1825 232 1863 lamitas
253 1821 396 1862 diserte
417 1833 506 1863 ante
523 1821 721 1863 Valeriani
735 1819 1019 1876 prosectionem
1035 1825 1288 1859 memoratur.
1345 1825 1517 1877 Eunapii

74 1875 186 1919 locus
206 1888 264 1918 est
280 1883 323 1918 iu
337 1874 507 1918 Aedesio
528 1895 568 1932 Ρ.
587 1882 641 1922 50
658 1882 686 1918 l.
709 1883 779 1928 19,
820 1875 888 1932 qui
907 1873 1074 1916 eandem
1091 1874 1198 1916 urbis
1216 1873 1369 1933 cladem
1388 1883 1517 1947 respi-

76 1938 152 1986 cit,
182 1950 350 1989 eamque
375 1944 414 1974 et
434 1933 519 1988 ipse
544 1936 595 1974 ad
613 1932 811 1975 Valeriani
830 1943 1008 1986 tempora
1027 1941 1204 1982 revocat,
1243 1935 1277 1972 si
1298 1945 1516 1976 accuratius

76 1992 294 2044 expendas.
349 2001 528 2031 narratur
549 1994 605 2030 ibi
620 1988 850 2031 Eustathius
866 1988 1127 2043 philosophus
1144 1990 1297 2041 legatus
1315 1990 1368 2030 ad
1385 1991 1516 2045 Sapo-

74 2057 162 2086 rem
181 2051 339 2088 missust
394 2050 455 2086 H·

111 2145 119 2150 ,
186 2117 229 2156 Ρ.
252 2106 305 2146 35
325 2118 365 2142 v.
387 2106 426 2146 1.
484 2101 707 2155 discrepant
726 2098 847 2142 Treb.
864 2097 993 2141 Pollio
1012 2103 1051 2141 et
1067 2099 1147 2152 alii,
1178 2099 1247 2155 qu'i
1264 2100 1517 2143 Valerianum

74 2155 235 2198 tradunt
257 2161 380 2198 ducta
404 2162 611 2198 cuiusdam
630 2162 694 2198 sui
708 2160 820 2197 ducis
839 2167 1000 2209 captum
1018 2173 1114 2206 esse;
1142 2155 1185 2196 in
1206 2174 1253 2198 eo
1268 2167 1401 2198 tamen
1421 2175 1518 2198 con-

77 2212 402 2267 spiransomnes,
442 2217 550 2270 quod
578 2219 790 2268 imperator
813 2212 991 2254 hostibus
1006 2211 1050 2253 in
1064 2228 1229 2253 manum
1248 2212 1356 2254 venit
1376 2214 1516 2254 fraude

73 2274 376 2310 cimmnventus.

187 2341 228 2379 Ρ.-
247 2331 301 2369 36
318 2341 358 2365 Υ.
376 2331 414 2369 3.
478 2324 642 2379 Cecrops·
671 2323 736 2365 hic
767 2320 877 2364 idem
907 2337 992 2365 esse
1022 2322 1178 2364 videtur
1210 2323 1280 2378 qui
1311 2326 1518 2375 Cecropias

74 2382 183 2435 apud
202 2379 376 2421 Trebell.
396 2387 440 2421 iu
460 2385 639 2422 Gallieno
662 2386 714 2426 14
728 2410 739 2432 ‚
778 2382 862 2421 dux
878 2379 1170 2430 Dalmatarum,
1199 2378 1307 2419 idem
1329 2378 1432 2418 inter
1450 2383 1518 2418 in-

74 2440 303 2477 terfectores
319 2436 502 2477 Gallieni.
532 2433 582 2478 de
603 2454 648 2478 eo
669 2453 766 2477 mox
787 2435 810 2479 1
840 2440 895 2481 40
917 2446 1051 2477 noster
1068 2434 1181 2490 loqui
1197 2436 1365 2476 videtur.
1421 2437 1519 2474 An-

76 2497 255 2532 toninum
274 2509 367 2533 vero
386 2491 480 2533 alibi
500 2503 762 2533 memoratum
779 2506 858 2532 non
881 2490 1059 2532 memini.
1115 2495 1177 2531 H.

188 2550 243 2587 ib.-
267 2564 306 2588 v.
326 2553 367 2592 4.
423 2548 526 2590 iusto
556 2547 715 2589 brevius
742 2557 780 2588 et
808 2551 972 2589 obscure
997 2547 1203 2588 historiam
1221 2547 1377 2585 Aurioli
1398 2547 1517 2585 Zosi-

76 2615 166 2644 mus
199 2609 396 2657 exposuit.
453 2602 671 2646 secundum
702 2602 950 2645 Trebellium
982 2607 1205 2644 Pollionem
1244 2602 1381 2655 (Trig.
1414 2604 1515 2654 Tyr.

77 2673 112 2698 c.
136 2660 207 2711 11)
235 2663 437 2701 Gallienus
454 2677 682 2715 expugnare
699 2663 908 2700 Auriolum
923 2664 1068 2699 frustra
1084 2656 1243 2697 annisus
1266 2657 1407 2709 pacem
1425 2671 1518 2697 cum

76 2729 124 2754 eo
141 2713 248 2764 fecit,
279 2727 356 2770 quo
372 2719 533 2758 liberius
550 2727 685 2771 posset
700 2726 834 2759 contra
848 2719 1097 2758 Postumium
1113 2716 1321 2768 proficisci.

130 2776 299 2814 Zosimus.
1190 2773 1246 2812 22
