1812 3016
291 60 313 104 1
321 57 385 104 70
907 60 1111 105 ZOSIMI

284 176 414 215 ταῦτα
453 171 527 227 μὲν
558 166 630 216 οὖν
667 176 739 229 τῆς
769 179 1005 232 συγγραφῆς
1043 171 1262 232 προϊούσης
1288 173 1351 217 ἐπὶ
1380 177 1462 219 τῶν
1488 170 1733 234 πραγμάτων

286 239 555 296 δειχθήσεται.
1358 286 1360 289 ,

420 309 499 353 33.
568 312 655 364 Τῆς
690 310 733 352 δὲ
762 309 863 366 πρὸς
887 309 1055 367 Πέρσας
1085 311 1295 366 γενομένης
1327 307 1483 367 εἲρῆνης
1509 309 1556 354 ὃν
1577 308 1732 366 διεξήλ-

281 381 411 432 θομεν
431 374 603 433 τρόπον,
634 378 827 431 Ἰοβιανὸς
847 376 868 421 ὅ
888 378 1079 432 βασιλεὺς
1092 379 1194 433 μετὰ
1217 379 1353 428 ἀδείας
1374 378 1544 421 ἐπανιὼν
1565 378 1651 433 ἅμα
1674 383 1732 436 τῷ

281 446 538 502 στρατοπέδῳ
568 447 634 487 καὶ
667 450 834 497 πολλαῖς
857 446 1078 504 περιπεσών
1108 448 1350 503 δυσχωρίαις
1379 448 1447 488 καὶ
1473 445 1609 497 τόποις
1635 445 1765 491 rimi-5

283 515 415 570 ὁροις,
449 512 622 564 πολλούς
650 530 692 557 τε
724 519 796 569 τῆς
825 519 1017 572 στρατιᾶς
1045 515 1262 569 ἀποβαλών
1287 515 1329 556 ἓν
1354 519 1405 571 τῇ
1428 514 1496 557 διὰ
1519 519 1592 570 τῆς
1611 518 1723 557 πολε-

280 583 378 636 μίας
399 580 592 639 παρόδῳ,
622 572 857 639 Μαυρίκιον
882 584 956 637 μὲν
975 587 1055 626 τῶν
1076 587 1260 639 λοχαγῶν
1278 583 1347 625 ἕνα
1370 583 1526 640 τροφὴν
1548 584 1592 625 ἐκ
1609 583 1730 626 Νισί-

280 655 371 704 βιος
394 650 554 705 ἀγαγεῖν
574 651 724 692 ἐκέλευε
753 655 811 709 τῷ
839 652 1116 708 στρατοπέδῳ,
1153 652 1379 705 ἀπαντῆσαι
1399 651 1442 692 δὲ
1462 651 1565 705 μετὰ
1582 649 1731 706 ταύτης

281 716 337 768 ὡς
371 717 420 759 ἂν
452 716 536 767 οἷός
569 735 611 760 τε
641 713 668 774 ᾖ
694 718 963 775 πορρωτάτω,
998 719 1102 762 κατὰ
1133 720 1176 762 δὲ
1202 719 1275 775 τὴν
1287 719 1459 763 Ἰταλίαν
1479 718 1627 769 ἄλλους
1647 719 1730 769 ἐξέ-

281 803 430 839 πεμπε,
477 786 550 840 τὴν
569 786 789 829 Ἰουλιανοῦ
823 787 1007 842 τελευτὴν
1038 789 1104 829 καὶ
1134 788 1207 842 τὴν
1236 785 1456 844 ἀνάρρησιν
1481 787 1554 842 τὴν
1583 787 1730 829 οἶκειάν
1741 796 1786 832 10

281 854 613 909 ἀπαγγελοῦντας.
694 853 812 908 μόλις
856 855 899 897 δὲ
936 855 1010 897 σὺν
1051 859 1180 912 πολλῇ
1213 856 1463 914 κακοπαθείᾳ
1491 859 1542 912 τῇ
1568 856 1730 909 Νισίβει

280 919 508 976 πλησιάσας
528 923 733 977 ἐπιστῆναι
750 924 823 976 μὲν
849 923 920 964 οὐκ
942 922 1063 977 ἤθελε
1083 927 1133 980 τῇ
1156 920 1267 966 πόλει
1292 929 1376 973 τοῖς
1394 925 1596 977 πολεμίοις
1617 924 1730 966 ἔκδε-

279 990 440 1046 δομένῃ,
460 989 691 1040 καταλύσας
711 991 754 1033 δὲ
773 990 814 1032 ἕν
835 1008 911 1034 τινι
931 990 1009 1047 πρὸ
1028 995 1100 1046 τῆς
1119 989 1249 1046 πύλης
1263 989 1454 1049 ὑπαίθρῳ
1471 995 1522 1048 τῇ
1537 989 1728 1051 ὑστεραίᾳ

277 1057 500 1114 στεφάνους
517 1056 603 1112 ἅμα
625 1060 692 1102 καὶ
715 1059 864 1109 ἱκεσίας
889 1059 1066 1112 ἐδέχετο,
1101 1057 1261 1102 πάντων
1281 1058 1368 1103 ὅσοι
1393 1059 1496 1101 κατὰ
1518 1059 1590 1113 τὴν
1613 1057 1728 1102 πόλιν

275 1121 381 1181 ἦσαν
402 1125 720 1183 ἒκλιπαρούντων
737 1127 795 1181 μὴ
818 1127 1018 1184 προέσθαι
1035 1131 1144 1184 σφᾶς
1166 1128 1270 1182 μηδὲ
1289 1130 1345 1177 εἷς
1363 1133 1502 1183 πεῖραν
1521 1131 1726 1182 καταστῆ-
1737 1135 1781 1170 15

275 1211 345 1236 σαι
368 1192 596 1251 βαρβάρων
624 1195 762 1249 ἠθῶν,
796 1194 972 1250 τοσαύτη
1002 1196 1100 1237 ἐτῶν
1132 1194 1367 1246 ἕκατοντάς,
1405 1201 1490 1245 τοῖς
1517 1193 1726 1249 Ῥωμαίων

273 1260 412 1315 νόμοις
442 1264 800 1318 ἐντεθραμμένους.
867 1263 1035 1319 αἰσχρὸν
1060 1264 1103 1305 δὲ
1132 1265 1199 1305 καὶ
1229 1263 1362 1312 ἄλλως
1383 1261 1480 1305 εἶναι
1504 1256 1724 1306 Κωνστάν-

271 1347 358 1371 τιον
384 1331 458 1383 μὲν
483 1337 588 1386 τρεῖς
611 1330 840 1387 Περσικοὺς
874 1332 1073 1384 πολέμους
1103 1329 1395 1385 ἀναδεξάμενον
1430 1332 1499 1372 καὶ
1530 1331 1572 1372 ἓν
1601 1335 1723 1374 πᾶσιν

270 1398 549 1440 ἓλαττωθέντα
581 1400 769 1452 Νισίβιος
800 1399 1113 1453 ἀντιλαβέσθαι,
1141 1400 1208 1441 καὶ
1235 1399 1573 1455 πολιορκουμένην
1598 1399 1723 1454 αὐτὴν

270 1467 338 1507 καὶ
369 1468 424 1515 εἷς
457 1465 625 1519 ἔσχατον
655 1467 874 1508 ἐλθοῦσαν·
885 1466 1069 1508 κινδύνου
1100 1467 1168 1509 διὰ
1194 1465 1327 1521 πάσης
1351 1471 1571 1522 περισῶσαι
1594 1475 1779 1510 σπου-20

270 1535 365 1588 δῆς,
399 1533 521 1576 αὐτὸν
545 1534 588 1575 δὲ
609 1536 808 1589 μηδεμιᾶς
827 1533 1014 1589 τοιαύτης
1045 1525 1287 1589 ἐπικειμένης
1309 1533 1484 1590 ἀνάγκης
1502 1541 1587 1585 τοῖς
1601 1539 1721 1579 πολε-

267 1603 375 1655 μίοις
397 1602 469 1656 τὴν
501 1600 616 1644 πόλιν
645 1604 828 1644 ἐκδοῦναι
858 1604 924 1644 καὶ
955 1605 1082 1652 δεῖξαι
1110 1601 1323 1656 Ῥωμαίοις
1347 1601 1501 1658 ῆιιέραν
1527 1602 1578 1657 ἢν
1608 1602 1720 1645 οὔπω

267 1670 500 1721 τεθέανται,
535 1673 723 1729 περιιδεῖν
750 1671 1081 1726 ἀναγκαζολιιένοις
1118 1669 1233 1714 πόλιν
1260 1668 1459 1725 τοσαύτην
1483 1672 1555 1714 ’καὶ
1577 1669 1720 1728 χώραν

361 1811 385 1846 5
409 1809 631 1855 δυσχερείαις
653 1811 696 1847 Ρ.
835 1812 879 1847 16
901 1808 1085 1852 τοσαύτας
1104 1808 1196 1848 ἐτῶν
1219 1808 1468 1852 ἑκατοντάδας
1481 1810 1522 1845 Η
1532 1821 1605 1845 cum
1621 1809 1659 1846 S.

269 1935 358 1974 runt,
373 1932 462 1966 aliae
477 1933 627 1967 barbaris
639 1945 676 1968 se
692 1934 905 1977 dediderunt,
921 1935 1008 1969 aliae
1023 1946 1175 1980 magnam
1188 1935 1229 1970 ad
1241 1934 1452 1969 solitudinem
1465 1933 1716 1970 redactaosunt.

271 1985 307 2013 et
331 1979 414 2012 haec
429 1979 561 2023 quidem
578 1991 598 2012 a
613 1980 707 2013 nobis
722 1981 756 2014 in
770 1981 931 2014 historiae
945 1992 1126 2026 progressu
1144 1982 1188 2015 de
1201 1982 1302 2014 rebus
1323 1980 1405 2025 ipsis
1420 1980 1651 2015 ostendentur.

361 2024 416 2058 33.
464 2025 554 2057 Pace
579 2036 651 2058 cum
675 2025 794 2059 Persis
818 2038 859 2059 eo
882 2038 949 2071 quo
977 2027 1116 2061 diximus
1132 2026 1231 2060 modo
1247 2026 1450 2067 constituta,
1477 2025 1637 2059 Iovianus
1650 2025 1717 2059 im-

266 2074 405 2114 perator
422 2080 541 2102 secure
564 2081 638 2103 cum
665 2071 814 2104 exercitu
841 2076 1027 2114 revertens,
1050 2079 1086 2106 et
1110 2072 1144 2106 in
1159 2083 1277 2115 aspera
1293 2075 1327 2104 et
1345 2071 1507 2115 inaquosa
1522 2071 1595 2106 loca
1611 2070 1716 2105 multa

265 2115 415 2157 delatus,
440 2114 664 2159 compluribus
690 2115 725 2149 in
751 2117 884 2150 hostilis
901 2117 963 2150 soli
983 2117 1126 2151 transitu
1142 2117 1300 2151 militibus
1314 2116 1454 2158 amissis,
1477 2126 1576 2149 unum
1592 2127 1635 2149 ex
1650 2115 1714 2150 tri-

265 2160 362 2192 bunis
385 2160 581 2194 Mauricium
607 2160 718 2194 Nisibi
742 2168 958 2196 commeatum
985 2163 1145 2197 exercitui
1172 2167 1353 2208 apportare
1375 2161 1493 2204 iussit,
1517 2166 1553 2195 et
1579 2172 1651 2194 cum
1670 2172 1712 2195 eo

263 2217 361 2249 quam
386 2205 580 2248 longissime
602 2211 719 2249 posset
745 2207 902 2241 militibus
930 2208 1063 2241 obviam
1089 2208 1215 2242 venire.
1260 2207 1346 2240 misit
1368 2211 1403 2240 et
1418 2207 1501 2240 alios
1516 2206 1549 2240 in
1565 2206 1711 2248 Italiam,

262 2251 319 2295 qui
336 2250 454 2284 Iuliani
469 2251 595 2284 obitum
612 2256 646 2284 et
661 2251 923 2294 designationem
941 2253 1046 2298 ipsius
1064 2254 1266 2288 nuntiarent.
1311 2252 1368 2285 ubi
1384 2252 1441 2286 vix
1455 2263 1576 2296 magno
1591 2252 1710 2287 labore

260 2302 364 2340 atque
389 2307 547 2330 aerumna
572 2296 710 2341 propius
726 2297 870 2331 Nisibim
895 2299 1112 2340 accessisset,
1137 2298 1295 2344 oppidum
1312 2298 1445 2342 quidem
1459 2298 1548 2331 hosti
1563 2297 1710 2331 deditum

260 2341 392 2385 ingredi
407 2342 596 2383 recusabat,
620 2341 678 2376 sed
695 2341 727 2376 in
743 2343 886 2386 quadam
903 2348 982 2376 ante
998 2348 1127 2388 portam
1148 2355 1227 2377 area
1243 2343 1306 2377 sub
1323 2343 1378 2376 dio
1395 2343 1566 2378 divertens
1582 2342 1709 2387 postri-

260 2387 317 2421 die
332 2398 472 2421 coronas
487 2391 523 2420 et
535 2387 796 2431 supplicationes
811 2388 1017 2432 recipiebat,
1041 2388 1215 2433 oppidanis
1232 2388 1382 2422 omuibus
1397 2388 1650 2422 obsecrantibus
1665 2399 1710 2422 ne

261 2444 299 2467 se
315 2433 490 2466 desereret
501 2459 511 2474 ,
535 2444 621 2466 neve
646 2433 812 2466 barbaros
833 2445 940 2467 mores
956 2434 1103 2479 experiri
1118 2439 1257 2477 cogeret
1273 2445 1331 2467 eos
1347 2434 1402 2478 qui
1418 2438 1471 2467 tot
1484 2434 1551 2467 iam
1564 2433 1708 2467 saeculis

260 2478 420 2513 Romanis
434 2478 565 2522 legibus
579 2477 732 2511 innutriti
746 2478 902 2513 fuissent.
947 2480 1080 2514 foedum
1100 2484 1135 2513 et
1148 2479 1345 2523 ceteroquin
1365 2491 1450 2520 esse,
1473 2478 1704 2512 Constantium

264 2524 372 2557 tribus
395 2523 559 2568 susceptis
580 2523 676 2558 bellis
690 2523 845 2567 Persicis,
867 2523 902 2557 in
929 2525 1080 2558 omnibus
1094 2528 1299 2570 superatum,
1322 2524 1435 2558 Nisibi
1449 2528 1560 2557 tamen
1574 2524 1706 2568 praesi-

264 2568 320 2602 dio
344 2569 467 2611 fuisse,
491 2573 592 2613 atque
616 2569 704 2603 illam
728 2569 899 2603 obsessam
924 2575 958 2603 et
976 2575 1160 2603 extremum
1180 2570 1214 2603 in
1236 2569 1410 2603 discrimen
1424 2569 1599 2603 adductam
1617 2569 1707 2603 omni

264 2613 374 2646 studio
396 2614 593 2648 ineolumem
614 2625 788 2649 servasse:
817 2614 924 2658 ipsum
949 2615 1036 2648 nulla
1058 2616 1116 2648 tali
1142 2615 1340 2648 necessitate
1362 2619 1506 2657 urgente
1533 2615 1704 2648 civitatem

264 2658 352 2691 hosti
379 2660 521 2702 dedere,
544 2671 584 2693 ac
607 2671 680 2693 eum
704 2660 789 2693 diem
803 2659 963 2693 Romanis
988 2660 1250 2704 conspiciendum
1268 2661 1430 2705 praebere
1447 2671 1544 2703 quem
1563 2660 1705 2694 necdum

264 2704 408 2740 antehac
432 2704 597 2749 viderint3
620 2705 678 2751 qui
700 2709 828 2741 tautum
853 2710 892 2741 ut
910 2705 1067 2752 oppidum
1083 2710 1242 2752 tantaque
1260 2705 1356 2751 regio
1372 2705 1527 2740 tradatur
1542 2706 1706 2750 hostibus,
