1812 3016
424 111 866 156 COMMENTARIUS
890 111 1243 157 msromcvs.
1461 103 1560 160 417

111 214 265 261 stibus'
249 219 464 260 imminens
485 219 859 271 animadverterunt,
885 234 938 260 ne
952 235 1044 260 cum
1059 221 1256 262 Eucherio
1275 223 1561 293 interciperen-

112 284 197 327 tur,
218 284 369 316 mutata
387 279 452 316 via
469 279 639 316 Romam
657 281 919 330 repetierunt3
950 278 1059 332 quod
1077 281 1111 318 si
1132 282 1188 318 ita
1208 288 1328 328 esset,
1356 295 1428 333 pro
1450 276 1563 334 εἰσή-

112 348 237 388 γαγον
262 335 486 386 scripserim
514 328 731 388 ἀνήγαγον.
786 342 885 373 teste
912 333 1199 388 Philostorgio,
1227 336 1467 386 Eucherius,
1497 339 1561 376 cui

112 403 138 428 ιι
157 389 334 428 barbaris
350 393 518 429 Romam
536 391 792 442 pergentibus
811 390 862 429 ad
880 392 1068 443 asylum
1056 406 1099 430 ιιι
1118 393 1215 430 urbe
1239 368 1470 445 aufugiendi
1492 408 1562 433 co-

111 446 180 498 pia
206 446 313 484 facta
342 453 446 495 erat,
474 446 723 497 imperatoris
748 449 859 486 iussu
882 446 976 485 inde
998 448 1215 487 abstractus
1235 457 1315 498 est3
1346 463 1448 502 quae
1468 452 1562 503 qui-

113 500 207 540 dem
227 504 399 540 narratio
421 503 496 540 etsi
514 503 647 540 minus
670 502 852 541 videatur
871 505 1012 542 similis
1030 518 1147 553 vero,
1175 507 1219 542 ιιι
1247 519 1295 543 eo
1316 513 1450 544 tamen
1469 520 1561 545 cum

111 559 273 596 Zosimo
302 559 519 610 conspirat,
549 557 658 610 quod
683 558 901 598 Eucherius
930 561 1080 599 Romae
1111 561 1187 599 fuit
1206 567 1245 599 et
1265 561 1358 600 inde
1376 563 1561 615 abreptus

113 619 187 652 est.
215 614 272 651 R.
333 613 588 666 cogitandum
615 622 692 663 est,
722 615 963 654 Eucherium
996 624 1108 654 extra
1133 618 1307 655 urbem·
1295 632 1339 655 ιιι
1365 619 1452 656 loco
1485 621 1563 656 ali-

114 682 194 722 quo
219 670 372 708 munito
402 669 602 708 custodiae
628 669 787 721 datum,
820 673 892 710 sub
914 671 1024 710 hoc
1012 686 1146 725 ipsum
1161 681 1315 726 tempus
1333 688 1405 726 per
1423 674 1563 712 eadem

113 726 222 774 loca,
249 739 321 777 per
345 739 447 778 quae
478 725 687 765 Alarichus
713 727 942 778 incedebat,
970 730 1013 766 in
1033 729 1174 768 urbem
1190 729 1407 769 adductum
1423 732 1562 781 fuisse,

114 776 159 820 ut
176 782 302 834 c'apite
319 783 568 834 plecteretur.
623 784 685 821 H.

222 861 266 900 p·
286 850 369 891 300
388 863 428 888 v.
436 850 516 890 ’20.
572 849 655 888 vid.
674 851 703 888 l.
725 851 831 892 18c.
848 848 931 889 Th.
953 849 1003 889 de
1026 852 1118 891 bon.
1146 854 1354 906 proscript.
1411 854 1556 893 Ritter.

224 929 323 1011 zan
293 918 371 958 301
403 930 444 955 v.
474 918 515 957 1.
570 915 663 955 vide
703 917 1039 971 Olympiodorum}
1062 921 1150 958 init.
1180 928 1219 960 et
1246 922 1485 974 Procopium
1511 921 1562 961 de

115 970 221 1009 bello
326 970 406 1010 dal.
427 975 447 1014 1
478 975 519 1014 2.
576 973 722 1011 Ritler.

225 1037 280 1076 ib.
302 1053 343 1078 v.
365 1041 407 1081 8.
461 1035 660 1092 Σερήναν.
718 1041 770 1079 cf.
792 1041 1064 1094 Olympiodor.

227 1101 972 1161 ib.v.11.Evyevtov.vid.1.19
999 1107 1049 1147 de
1071 1122 1216 1162 pagan.
1240 1110 1457 1151 inComm.
1479 1113 1563 1152 Go-

115 1158 287 1200 thosred.
343 1162 489 1200 Rider.

226 1226 282 1265 ib.
302 1241 342 1267 v.
364 1227 430 1270 14.
487 1242 540 1267 ex
559 1227 741 1268 hocloco
763 1231 810 1267 L
781 1232 922 1282 ,ipsius
942 1233 1048 1271 Vest.
1069 1246 1103 1270 c.
1124 1232 1176 1274 14
1198 1234 1362 1285 probat
1386 1236 1564 1275 Vestales

115 1283 310 1335 virgines,
348 1297 468 1337 saepe
510 1293 602 1324 ante
640 1299 847 1324 concussas
881 1289 954 1326 sub
983 1290 1282 1338 Valentiniano,
1319 1290 1563 1338 Theodosio,

115 1346 250 1377 tamen
279 1313 456 1379 a’nimam
483 1343 652 1380 traxisse
681 1342 734 1381 ad
759 1344 943 1381 ultimum
970 1343 1189 1383 Theodosii
1212 1347 1379 1385 senioris
1407 1361 1563 1397 aevum,

114 1402 202 1434 tum
223 1409 316 1435 vero
335 1399 549 1436 exstinctas
567 1411 727 1450 prorsus
749 1413 849 1437 esse.
915 1401 1060 1440 cellar.

225 1476 268 1516 p.
287 1465 370 1506 802
389 1478 429 1503 v.
450 1464 491 1508 5.
546 1466 657 1503 locus
688 1466 849 1516 elegans
878 1465 930 1504 ad
961 1468 1267 1507 illustrationem
1296 1483 1434 1508 eorum
1461 1484 1563 1523 quae

115 1517 166 1558 de
179 1532 293 1559 servo
308 1533 461 1572 poenae
479 1520 675 1559 dicuntur.
731 1523 877 1560 Riuer.

225 1586 281 1624 ib.
303 1601 345 1626 v.
364 1590 406 1629 7.
462 1588 695 1627 suffocatam
718 1589 910 1627 Serenam
932 1602 1019 1628 esse
1044 1589 1318 1642 Olympiodori
1340 1592 1564 1631 testimonio

114 1643 380 1682 confirmatur.

120 1708 281 1805 Cella?-
306 1723 347 1749 v.
370 1713 436 1752 10.
491 1710 654 1765 χρυσίῳ.
710 1709 794 1749 vid.
813 1711 972 1762 Lipsius
991 1709 1040 1748 de
1057 1713 1190 1764 Magn.
1208 1714 1325 1751 Rom.
1348 1715 1374 1754 3
1404 1713 1431 1755 5
1461 1721 1565 1753 extr.

226 1845 270 1884 Ρ.
289 1833 371 1874 303
392 1845 430 1870 v.
451 1831 493 1873 5.
549 1844 603 1870 ex
618 1833 648 1869 l.
668 1835 694 1873 6
715 1845 749 1871 c.
771 1831 854 1871 Th.
880 1831 929 1871 de
955 1835 1125 1886 sepulcr.
1152 1834 1248 1873 viol-
1278 1833 1475 1874 debebant
1497 1850 1562 1875 se·-

116 1888 244 1941 peliri
253 1894 366 1926 extra
382 1888 522 1926 urbem
538 1887 744 1927 cadavera.
800 1890 945 1927 Ritter.

227 1954 283 1994 ib.
296 1968 336 1992 v.
348 1954 416 1997 15.
464 1953 769 2006 Olympiodorus
785 1955 937 2008 inquit.
966 1952 1242 2010 ἆλληλοφαγία
1258 1959 1340 1997 τῶν
1355 1956 1563 1998 ἐνοικούν-

115 2024 196 2053 των
213 2009 384 2063 Ῑγίνετο,
413 2018 453 2048 et
472 2013 737 2062 Hieronymus
766 2011 822 2063 (t.
846 2015 867 2052 1
887 2026 928 2063 p.
950 2011 1057 2064 121)
1086 2011 1269 2051 homines
1286 2014 1393 2051 fame
1413 2027 1459 2052 eo
1481 2016 1562 2052 im·-

114 2069 252 2120 pulsos
274 2080 360 2105 esse
378 2073 423 2104 ut
442 2080 465 2104 a
490 2080 604 2104 carne
623 2066 798 2104 humana
816 2066 1011 2105 vescenda
1040 2082 1122 2106 non
1151 2069 1410 2117 abstinerent,
1441 2083 1564 2121 quam

117 2124 168 2162 ob
199 2136 358 2161 causam
383 2120 669 2163 ἐκινδύνευσαν
688 2137 770 2161 non
793 2124 1133 2175 interpretandum
1156 2125 1314 2163 videtur
1332 2126 1562 2176 perieulum

117 2181 202 2217 eius·
232 2180 291 2216 rei
306 2179 459 2230 fuisse,
486 2179 559 2218 sed
577 2193 667 2217 vere
683 2193 727 2216 eo
742 2180 921 2218 redactos
939 2194 1020 2218 esse
1040 2188 1085 2219 ut
1107 2182 1194 2219 cibo
1213 2182 1284 2219 fflo
1305 2182 1562 2219 abominabili

116 2241 332 2274 uterentur.

228 2300 284 2338 ib.
307 2314 347 2339 v.
367 2304 436 2343 22.
492 2299 714 2342 Βασιλείαν.
769 2303 871 2340 forte
896 2301 965 2340 hic
989 2309 1048 2341 est
1074 2303 1138 2340 cui
1152 2303 1378 2341 inscribitur
1391 2303 1461 2340 lex
1478 2302 1505 2343 4
1526 2316 1562 2340 c.

117 2355 199 2396 Th.
221 2355 270 2394 de
287 2357 457 2394 immun.
478 2371 652 2396 concess.
708 2358 854 2396 Ritter.

227 2448 271 2486 p·
302 2434 384 2476 304
410 2449 450 2473 V·
481 2437 521 2476 1.
574 2432 772 2488 Ἰωάννης.
828 2434 911 2474 vid.
941 2436 971 2473 1.
1001 2438 1030 2478 2
1057 2434 1107 2473 de
1134 2435 1336 2473 primicer.
1366 2440 1406 2471 et
1430 2440 1559 2473 notar.

120 2489 222 2528 adde
244 2492 334 2529 loca
355 2492 433 2528 alia
451 2505 504 2529 ex
522 2493 675 2530 Comm.
731 2492 875 2529 Ritter.

230 2567 285 2605 ib.
308 2582 348 2606 v.
369 2567 410 2610 4.
465 2569 650 2608 videntur
666 2571 837 2608 Romani
851 2569 1077 2607 nuntiatum
1094 2568 1302 2618 accepisse,
1330 2565 1562 2604 Alarichum

120 2623 169 2660 ab
192 2623 408 2662 obsidenda
429 2626 526 2664 urbe
551 2625 799 2676 discessisse,
829 2640 922 2664 cura
945 2624 1160 2663 obsidionis
1184 2622 1371 2660 mandata
1397 2624 1465 2660 alii
1484 2622 1560 2660 ho-
1637 2658 1640 2659 ⁷

119 2680 219 2716 mini
250 2693 303 2717 ex
334 2680 563 2721 Stilichonis
591 2683 789 2734 partibus,
802 2684 910 2751 qui
922 2682 1001 2732 ipsi
1030 2677 1269 2718 obsidendae
1294 2679 1402 2718 urbis
1427 2686 1562 2716 auctor

119 2735 273 2773 fuerat·
315 2748 411 2775 nam
439 2745 531 2776 sunt
558 2739 679 2778 verba
703 2738 743 2780 εἰ
759 2734 880 2787 αὐτός
898 2733 1101 2790 Ἀλᾶριχος
1123 2735 1178 2777 ἔτι
1197 2731 1371 2830 παρ’ργεστι.
1427 2735 1560 2772 Alari-

175 2794 343 2830 Zosimus.
