1812 3016
302 122 401 169 420
626 124 628 126 ’
841 119 1200 163 REITEMEIERI

411 247 451 286 p.
473 233 553 274 317
571 244 608 269 v.
631 231 698 271 10.
757 230 806 267 cf.
831 227 1102 281 Olympiodor-

413 301 468 339 ih.
529 300 664 337 Iom'us
680 297 745 336 hic
760 299 939 349 ignotus,
970 298 1098 350 qualis
1114 296 1246 335 fuerit.
1286 309 1325 336 v.
1343 296 1577 336 Tillemont.
1593 295 1637 334 in
1654 297 1740 334 Ho-

302 359 412 398 norio
441 363 513 395 art.
537 358 604 397 38.
661 357 722 392 Η.

412 439 453 477 p.
475 425 556 466 318
575 436 613 460 v.
636 426 676 464 7.
735 436 833 460 coss.
854 422 1050 460 Honorius
1069 423 1117 471 7,
1147 419 1397 459 Theodosius
1417 423 1466 468 2,
1496 433 1598 458 anno
1617 419 1713 463 407.

411 491 466 528 ib.
493 504 532 527 v.
553 492 593 530 9.
653 491 776 527 Marci
813 490 925 526 nulla
958 490 1158 527 mentione
1186 489 1315 538 facta,
1355 489 1586 526 Gratianum
1611 489 1740 539 primo

300 551 387 588 loco
407 549 566 587 Orosius
582 548 776 586 nominat.

413 614 619 655 ib.v.17.
678 615 798 650 situm
822 611 940 651 huius
963 613 1071 650 urbis
1089 611 1230 649 rectius
1248 609 1550 662 Olympiodorus
1568 608 1740 648 indicat·

302 670 637 724 παραθαλασσίαν
658 664 784 708 οὖσαν
807 668 874 708 καὶ
894 665 1057 720 πρώτην
1075 668 1118 708 ἐν
1135 672 1218 714 τοῖς
1234 670 1315 707 τῶν
1334 670 1372 706 Γ
1365 663 1559 706 αλατων
1535 682 1646 718 οροις
1663 681 1741 706 κει-

299 728 424 780 μένην
455 727 560 778 (qua
584 739 625 762 10
650 738 702 761 ex
725 738 769 762 eo
790 726 971 762 Zosimus
990 723 1259 761 emendandus
1278 729 1356 772 est,
1389 723 1596 761 substituto
1617 725 1754 772 saza.

298 785 383 830 τίας
405 796 476 833 pro
504 781 765 833 Γεομανίας)
807 780 908 820 ἔιθα
939 781 1151 847 διατρίψας
1175 779 1244 820 καὶ
1270 776 1363 820 όλον
1394 775 1464 819 cdv
1495 781 1534 818 Γ
1528 775 1646 819 αλλον
1671 777 1741 818 καὶ

296 836 512 880 ’Λκυτανόν
541 835 778 890 στρατιώτην
806 833 1162 889 διαποιησαμενος,
1190 840 1330 904 κρατεῖ
1341 850 1503 875 παντων
1522 837 1654 888 μερῶν
1669 837 1741 886 τῆς

297 895 467 942 Γαλλίας
495 893 604 945 μέχρι
631 896 711 933 τῶν
725 891 905 932 ’Ἄλπεων
928 909 1007 932 των
1031 890 1175 943 μεταξυ
1190 887 1351 939 Ἰταλίας
1366 890 1435 931 καὶ
1452 892 1629 938 Γαλλίας.
1686 890 1739 928 cf.

298 951 593 990 Sozon1en.R.
655 951 689 986 si
717 950 926 986 Germania
942 950 1104 986 inseiior
1121 949 1292 986 Galliam
1310 949 1514 999 Belgicam
1531 947 1739 998 complexa

297 1014 378 1056 est,
409 1005 548 1059 quidni
573 1007 750 1042 Bononia
779 1005 829 1042 ad
856 1018 944 1042 eam
971 1012 1144 1056 spectare
1171 1003 1334 1042 debuit?
1393 1004 1584 1051 Γαλατίας
1606 1009 1740 1040 autem

295 1064 431 1102 10011111
455 1075 536 1100 11011
564 1060 705 1109 hebet,
736 1063 829 1113 quia
855 1062 967 1098 nulla
993 1062 1121 1099 Gallia
1149 1062 1326 1112 superior
1348 1061 1412 1098 vel
1430 1060 1596 1098 inferior
1613 1058 1740 1097 habe-

297 1127 374 1158 tur
407 1141 456 1146 —
487 1131 584 1155 mox
603 1132 643 1168 p
661 1091 741 1158 319
771 1117 797 1157 4
817 1119 1051 1170 πολιοοκίαν
1068 1116 1289 1169 κατέστησε,
1318 1117 1402 1155 scil.
1423 1117 1739 1154 Constantinum.

297 1178 352 1213 ita
372 1176 455 1212 fere
471 1176 687 1226 loquuntur
705 1175 923 1224 scriptores,
941 1181 984 1211 ut
1003 1175 1092 1222 Dio,
1109 1172 1309 1211 Plutarch.
1330 1174 1382 1211 al.
1422 1173 1607 1210 vertitur:
1634 1172 1739 1209 hanc

295 1234 425 1282 ipsam
454 1230 625 1267 obsidere
653 1231 838 1275 instituit,
877 1243 922 1267 ac
947 1231 979 1267 si
1009 1237 1131 1278 esset,
1167 1228 1344 1279 κατέστη.
1400 1230 1646 1267 Constantini
1675 1242 1738 1267 res

298 1288 507 1338 diligenter
527 1292 787 1337 persequutus
809 1292 867 1323 est
888 1287 1119 1324 Tillemont.
1141 1292 1170 1324 t.
1192 1285 1232 1327 5.
1289 1286 1349 1323 H.

407 1367 447 1403 p.
467 1353 547 1394 319
564 1365 603 1388 v.
627 1352 691 1393 15.
747 1351 976 1401 Bacaudae‚
1004 1366 1145 1390 manus
1172 1354 1386 1403 agrestium
1410 1359 1450 1390 et
1471 1353 1668 1390 latronum
1694 1353 1736 1390 in

295 1410 456 1456 Galliis,
487 1415 697 1459 postquam
724 1410 1026 1458 magistratuum
1051 1411 1321 1446 Romanorum
1345 1410 1500 1446 iniuriis
1522 1410 1675 1446 incitati
1693 1410 1737 1455 111

293 1467 517 1504 libertatem
542 1478 583 1502 se
610 1463 921 1513 vindicaverant,
951 1466 1138 1503 Romanis
1169 1463 1238 1502 diu
1263 1466 1423 1502 fuerunt
1447 1465 1596 1503 infesti.
1651 1467 1737 1502 Eu-

293 1529 394 1572 trop.
416 1523 440 1560 9
474 1523 538 1561 13.
568 1521 624 1556 R.
693 1519 742 1556 de
770 1521 984 1570 Bagaudis
1008 1535 1047 1559 v.
1075 1522 1245 1572 interpp.
1273 1520 1325 1558 ad
1346 1523 1570 1559 Mamertin.
1590 1534 1736 1572 paneg.

293 1577 530 1615 Maximiani
546 1575 573 1616 4
602 1578 628 1616 3
658 1583 697 1612 et
719 1575 770 1613 ad
787 1578 950 1628 Eutrop.
975 1579 1000 1617 9
1031 1580 1096 1618 13.
1153 1578 1214 1614 H.

406 1642 460 1680 ib.
484 1655 522 1680 v.
542 1646 610 1683 20.
666 1644 787 1694 Alpes
818 1645 968 1682 Cottiae
994 1645 1196 1695 provincia
1224 1644 1362 1681 Italiae
1389 1649 1500 1681 erant
1518 1644 1590 1681 sub
1610 1644 1736 1695 praef.

292 1714 354 1752 pr.
383 1700 540 1746 Italiae3
570 1699 691 1750 Alpes
720 1701 941 1738 Marithnae
969 1703 1172 1738 Penninae
1202 1707 1241 1738 et
1269 1701 1411 1738 Graiae
1441 1699 1493 1737 ad
1517 1700 1736 1738 Galliarum

291 1757 512 1808 provincias
532 1756 793 1806 pertinebant.

406 1822 459 1859 ib.
482 1836 521 1860 v.
542 1826 610 1864 23.
669 1837 768 1861 coss.
788 1822 979 1861 Arcadius
1000 1824 1049 1872 6,
1078 1823 1229 1861 Probus
1251 1835 1288 1860 a.
1306 1821 1404 1863 406.
1462 1823 1513 1860 cf.
1532 1822 1691 1861 Orosius
1708 1826 1736 1865 7

293 1878 369 1927 40,
398 1878 623 1928 Frigeridus
646 1879 752 1930 apud
775 1881 936 1930 Gregor.
955 1882 1053 1917 Tur.
1074 1883 1100 1921 2
1129 1882 1169 1920 9.
1226 1880 1355 1917 simile
1373 1879 1457 1917 veri
1476 1886 1535 1917 est
1550 1879 1735 1916 barbaros

294 1948 383 1982 eos,
412 1935 481 1971 ubi
505 1934 719 1985 Rodogaisi
750 1937 792 1972 in
821 1937 1078 1974 exscensione
1105 1936 1148 1972 in
1177 1936 1334 1972 Italiam
1357 1935 1454 1972 socii
1471 1935 1659 1984 fuissent,
1692 1948 1734 1971 re

292 1991 398 2027 male
426 1997 536 2040 gesta
562 2003 737 2028 reversos
754 2005 825 2041 per
840 1993 937 2030 fines
956 1993 1182 2057 Romanos'
1170 2004 1214 2029 111
1233 1991 1434 2028 Galliam
1421 1992 1623 2042 irrupisse.
1681 1990 1734 2028 cf.

292 2046 462 2083 Gibbon.
482 2053 511 2083 t.
532 2047 556 2084 3
579 2060 619 2096 p.
636 2048 717 2087 169
737 2054 819 2084 not·
841 2050 908 2088 86·

404 2126 446 2163 p
469 2115 550 2152 320
571 2126 609 2150 v.
635 2111 700 2152 14
758 2113 1079 2166 ῤἀθυμηθεΐσαν.
1136 2113 1179 2151 id
1202 2114 1236 2151 si
1263 2112 1312 2150 de
1341 2113 1572 2164 plerisque
1559 2126 1735 2164 impera-

293 2168 442 2206 toribus
461 2167 609 2204 dictum
629 2170 691 2215 sit,
722 2182 743 2206 a
761 2183 854 2207 vero
873 2184 953 2208 non
972 2171 1108 2218 aberit,
1139 2171 1212 2208 etsi
1231 2170 1306 2206 fuit
1321 2182 1423 2206 unus
1442 2176 1481 2206 et
1499 2171 1598 2206 alter
1612 2182 1636 2206 a
1653 2182 1732 2221 quo

294 2238 387 2262 cura
406 2224 543 2261 finium
561 2237 641 2261 non
660 2226 819 2262 omnino
839 2226 916 2263 fuit
936 2228 1093 2264 omissa.
1151 2233 1190 2263 et
1216 2226 1302 2276 ipse
1334 2227 1516 2263 Zosimus
1541 2225 1568 2266 4
1595 2228 1622 2266 3
1651 2227 1732 2264 Va-

292 2282 554 2319 lentiniantun
574 2281 622 2317 ob
643 2282 814 2318 munitos
834 2281 1030 2332 praesidIO
1046 2282 1143 2319 fines
1159 2280 1370 2320 Rhenanus
1388 2280 1537 2319 laudat.

407 2346 461 2384 ib.
483 2361 523 2384 v.
545 2348 610 2387 16.
667 2344 712 2386 τό
739 2350 812 2387 τοῦ
839 2350 1039 2398 Καίσαρος
1068 2351 1210 2400 σχῆμα.
1268 2349 1318 2385 cf.
1342 2348 1610 2400 Olympiodor.
1630 2350 1730 2387 Oro-

292 2404 375 2442 sius
393 2407 419 2444 7
446 2402 520 2451 40,
551 2403 792 2440 Sozomenus
812 2406 836 2444 9
869 2407 932 2444 11.
989 2405 1185 2453 Iulianus,
1215 2405 1298 2442 eius
1317 2405 1457 2454 frater,
1485 2406 1728 2443 Nobilissimi

292 2459 483 2511 dIgnitate
505 2459 725 2496 ornabatur.
783 2458 1052 2510 Olympiodor.

402 2538 442 2576 p.
460 2526 540 2565 321
559 2538 597 2562 v.
616 2525 655 2566 5.
713 2523 762 2562 de
793 2523 868 2562 hoc
899 2526 1004 2563 bello
1033 2525 1115 2563 vid.
1142 2527 1383 2565 Sozomenus
1404 2528 1429 2566 9
1464 2527 1539 2574 12,
1570 2527 1729 2565 Orosius

291 2583 317 2621 7
347 2579 401 2622 40
414 2610 424 2628 ,
454 2594 575 2631 penes
601 2594 717 2633 quem
743 2587 788 2618 ut
811 2583 1019 2632 aequalem
1038 2589 1076 2619 et
1094 2584 1313 2633 Hispanum
1331 2583 1458 2619 maior
1474 2583 1515 2618 iu
1532 2580 1594 2619 his
1612 2583 1729 2620 rebus

290 2638 500 2674 auctoritas
527 2643 598 2674 est.
655 2639 699 2675 is
717 2638 888 2687 cognatis
911 2636 1130 2676 Theodosii
1151 2641 1324 2689 primum
1344 2650 1475 2675 servos
1493 2643 1533 2673 et
1548 2640 1726 2687 rusticos,

287 2699 486 2742 postremo
526 2694 656 2743 copias
690 2694 916 2731 Lusitaniae
952 2706 1069 2744 opem
1095 2695 1138 2731 in
1168 2694 1273 2732 bello
1304 2694 1441 2732 tulisse
1471 2700 1616 2733 narrat.
1674 2694 1726 2733 cf.

288 2746 606 2799 olympiodorus.
