1812 3016
439 103 874 149 COMMENTARIUS
902 101 1207 147 mS‘romcU
1206 103 1252 147 S.
1467 102 1565 149 39⁷

129 214 208 253 bus
232 213 473 266 afflig-untur.
529 227 579 252 an
608 212 757 252 excidit
781 225 882 252 vox:
906 217 990 263 τοῖς
1006 212 1099 268 περὶ
1116 209 1194 266 τὴν
1211 208 1334 266 η’ΐὸνα
1350 214 1426 254 τοῦ
1440 228 1564 254 ποτα·-

132 271 213 322 μοῦ
227 273 507 323 παρατείνουσι
523 269 754 318 σκοπέλοις.)
807 271 871 309 Η.

242 339 282 376 p.
301 328 380 367 221
402 340 441 364 V.
461 325 501 366 4.
558 328 591 364 si
621 325 836 364 ClaudIano
863 332 1001 377 poetae
1022 323 1119 362 fides
1140 325 1190 362 sit
1218 322 1294 375 (de
1313 323 1340 365 4
1358 337 1464 363 cons.
1481 326 1566 362 Ho-

131 382 233 419 norii
248 379 355 434 633)
368 411 380 431 ,
408 380 679 420 Theodosium
698 383 835 432 proelii
854 382 1071 433 periculum
1091 382 1220 432 ipsum
1241 379 1383 418 adiisse
1400 380 1563 418 creden—

131 436 227 476 dum
249 443 322 475 est.
378 437 448 476 sed
467 444 623 490 poetam
642 436 877 475 adulationis
899 445 937 475 et
955 436 1183 475 historicum
1203 435 1374 474 invidiae
1394 438 1564 487 suspicio

129 494 286 545 premit.
336 491 386 532 de
402 492 643 543 Gruthungis
658 492 910 532 Theodosius
926 506 1015 531 cum
1033 492 1200 530 Arcadio
1219 493 1299 529 filio
1319 491 1564 543 triumphum

130 550 211 600 egit
241 547 369 599 (Idat.
387 557 427 588 et
441 550 659 587 Marcellin.
679 548 824 588 Chron.
843 549 893 587 ad
912 563 947 587 a.
967 549 1095 599 386),
1125 556 1163 586 et
1185 546 1248 585 hic
1265 551 1365 599 patri
1385 550 1424 585 in
1449 548 1564 585 huius

128 606 312 643 victoriae
330 608 561 644 memoriam
580 606 693 656 cpoli
708 606 930 643 columnam
949 608 1093 657 posuit.
1128 603 1209 642 vid.
1236 604 1393 655 Gyllius
1410 611 1562 655 topogr.

126 661 239 713 Cpol.
262 659 290 701 4
317 663 358 702 7.
413 669 596 700 monente
618 663 770 698 Riuero
789 662 894 699 bello
915 660 1168 712 Grothingico
1190 659 1279 697 data
1300 660 1328 697 l.
1347 663 1400 701 22
1423 659 1471 698 de
1489 673 1563 697 an-

126 729 219 754 non.
237 723 276 753 et
293 718 383 756 trib.
407 718 436 756 l.
457 721 533 760 113
556 716 605 755 de
628 716 759 755 decur.
781 718 847 756 ubi
867 717 1114 755 Godofredus
1143 724 1181 755 et
1209 715 1326 755 huius
1352 717 1447 754 belli
1475 730 1563 754 me-

123 773 297 810 minet-it.

234 827 289 865 ib.
319 840 359 864 v.
390 829 456 869 18.
512 826 674 879 Scythia
710 827 810 867 haec
844 828 1040 867 Thraciae
1072 830 1271 880 provincia
1311 828 1408 876 fuit,
1454 827 1562 880 qnod

125 883 244 921 etiam
272 897 325 922 ex
350 885 455 920 Festi
481 885 568 920 Rufi
589 885 782 923 breviario
801 899 835 923 c.
856 888 882 927 9
906 893 944 923 et
964 887 1086 923 Notit.
1109 886 1205 936 imp.
1229 885 1376 923 Orient.
1397 891 1560 922 constat.

129 939 273 978 Gellar.
331 940 383 976 cf.
406 940 477 976 inf.
498 940 524 981 5
556 942 607 983 10
630 942 698 979 fin.

234 1009 275 1047 p.
294 998 375 1036 222
394 1008 433 1032 v,
453 997 518 1036 20.
574 996 656 1034 vid.
679 998 707 1034 l.
729 999 747 1037 1
778 1010 812 1035 c.
833 995 915 1035 Th.
937 994 987 1034 de
1006 994 1068 1034 bis
1089 997 1156 1048 qui
1175 994 1226 1032 ad
1243 995 1379 1033 eccles.
1399 995 1558 1046 confug.

125 1051 267 1089 Rueer.
326 1053 368 1088 in
383 1049 458 1088 hac
475 1050 523 1088 de
542 1053 728 1090 Gerontio
744 1055 965 1091 narratione
984 1053 1032 1089 ab
1051 1051 1249 1099 historiae,
1281 1064 1381 1103 quae
1398 1065 1460 1088 res
1478 1053 1557 1088 im-

123 1109 221 1157 perii
246 1108 413 1144 Romani
442 1120 639 1158 exponere
665 1108 853 1157 debebat,
891 1108 1081 1160 dignitate
1115 1115 1197 1145 tam
1227 1108 1378 1155 aliena,
1406 1108 1556 1145 Zosimi

122 1161 314 1199 iudicium
341 1170 379 1200 et
405 1170 528 1200 artem
554 1163 768 1202 admodum
801 1163 995 1203 desidero.
1027 1166 1093 1201 ·in
1110 1163 1428 1202 antecedentibus
1454 1177 1557 1201 non-

121 1218 231 1255 nulla
252 1220 323 1256 vix
339 1220 435 1257 satis
449 1231 649 1271 assequor.
706 1222 766 1258 H.

230 1287 272 1325 p.
292 1277 374 1315 223
394 1288 432 1312 v.
452 1278 519 1316 21.
576 1275 810 1314 seditionem
827 1273 1160 1314 Antiochenorum
1181 1287 1203 1312 a
1220 1273 1375 1313 duobus
1394 1275 1560 1313 oratori—-

119 1329 214 1378 bus,
243 1330 408 1367 Libanio
438 1337 483 1368 et
511 1333 567 1368 Io.
595 1331 896 1383 chrysostomo,
926 1333 993 1385 qui
1011 1338 1187 1382 tempore
1209 1332 1409 1368 turbarum
1429 1339 1559 1368 mota·-

120 1397 207 1422 rum
223 1387 378 1436 utrique
395 1387 438 1423 in
457 1387 554 1424 urbe
573 1396 796 1438 praesentes
818 1395 948 1435 erant,
977 1389 1196 1438 expositam
1214 1385 1419 1425 habemus.
1462 1387 1559 1424 sub-

118 1442 276 1479 iiciente
302 1442 456 1478 Riteero
485 1442 535 1479 ad
565 1441 670 1480 hunc
699 1445 831 1481 locum
863 1445 1060 1495 pertinent
1081 1456 1126 1479 ea
1149 1456 1249 1494 quae
1270 1456 1322 1480 ex
1339 1445 1396 1480 Io.
1415 1444 1559 1480 Antio-

119 1495 244 1535 cheno
259 1499 301 1534 in
322 1499 508 1549 Excerpt.
534 1500 665 1537 Vales.
687 1513 727 1550 p-
747 1501 827 1542 851
854 1501 902 1537 de
924 1498 1151 1537 Theodosio
1177 1502 1264 1536 Iun.
1292 1506 1556 1546 recensentur,

118 1565 209 1590 cum
236 1552 286 1590 de
310 1555 459 1590 maiore
487 1554 744 1605 intelligenda
777 1557 875 1603 sint3
914 1554 1097 1591 videntur
1129 1567 1175 1591 ea
1208 1567 1260 1591 ex
1290 1553 1556 1605 chrysostomi

117 1606 294 1647 homiliis
316 1608 365 1646 de
390 1610 538 1647 statuis
565 1609 795 1661 desumpta,
824 1612 866 1647 in
894 1623 1061 1662 quarum
1086 1623 1165 1646 una
1191 1611 1309 1660 plane
1330 1609 1469 1646 eadem
1488 1623 1560 1646 oc-

116 1666 236 1702 currit
254 1666 498 1715 imperatoris
518 1668 725 1713 sententia.
783 1666 834 1702 cf.
858 1667 886 1702 l.
911 1679 979 1702 un.
1000 1665 1042 1702 ff.
1065 1667 1152 1716 quis
1170 1666 1308 1716 imper.
1331 1665 1556 1702 maledixit.

227 1733 268 1770 Ρ.
290 1720 370 1761 224
392 1733 431 1756 v.
453 1723 494 1760 7.
550 1723 716 1758 missum
745 1734 830 1759 esse
860 1722 1033 1772 aliquem
1062 1722 1236 1771 cpolim,
1268 1722 1336 1772 qui
1357 1723 1456 1758 iram
1476 1722 1555 1757 im-

115 1777 306 1826 peratoris
335 1776 497 1822 leniret,
526 1779 709 1827 nuspiam
738 1779 779 1813 in
810 1779 984 1814 oratione
1010 1777 1166 1813 Libanii
1196 1777 1280 1827 (or.
1310 1775 1425 1827 14·p.
1443 1777 1553 1826 389)

113 1832 305 1882 legimus,
334 1830 404 1868 sed
421 1831 698 1870 Hellebichum
716 1840 754 1869 et
774 1834 999 1870 Caesarium
1017 1834 1059 1869 in
1077 1831 1280 1869 seditionis
1295 1839 1470 1870 auctores
1487 1833 1553 1868 in·-

115 1889 272 1939 qnirere
290 1888 416 1924 iussos
436 1889 591 1924 venisse
610 1887 862 1925 Antiochiam
882 1895 919 1926 et
939 1901 1053 1925 causa
1071 1890 1225 1938 cognita
1240 1889 1383 1926 noxios
1401 1890 1443 1925 in
1461 1889 1552 1924 vin-

113 1940 203 1980 cula
228 1942 410 1990 duxisse,
439 1944 581 1995 quibus
607 1943 741 1981 delicti
769 1957 866 1981 mox
896 1945 944 1980 ab
970 1946 1204 1994 imperatore
1234 1942 1456 1981 data-venia
1476 1950 1549 1981 est.

114 2006 287 2036 ceterum
307 1997 373 2036 hic
393 1999 502 2036 locus
519 2007 750 2050 argumento
773 2002 846 2036 erit
865 2001 1080 2037 orationem
1100 2000 1212 2036 illam
1230 2000 1398 2046 Libanai,
1429 2012 1549 2051 quam

113 2055 183 2091 alii
210 2056 253 2091 in
282 2053 614 2092 declamationum
641 2068 804 2092 numero
829 2054 1054 2106 ponendam
1072 2057 1318 2102 existimant,
1349 2068 1371 2092 a
1390 2057 1550 2092 Zosimo

111 2122 184 2160 pro
202 2123 295 2147 vera
312 2117 446 2147 tamen
465 2118 503 2148 et
522 2113 692 2161 genuina
712 2105 834 2148 fuisse
852 2109 1051 2158 habitam3
1081 2112 1153 2148 etsi
1171 2118 1253 2147 tam
1270 2110 1422 2149 diversa
1442 2124 1463 2148 a
1478 2113 1550 2147 Li-

110 2166 230 2203 banio
247 2165 387 2214 tradit,
416 2173 460 2203 ut
479 2179 568 2203 eam
587 2180 637 2203 ne
657 2169 876 2218 inspexisse
894 2166 1055 2219 quidem
1069 2166 1263 2204 videatur.

222 2220 279 2265 ib.
305 2234 343 2259 ν.
366 2223 432 2262 13.
488 2222 570 2259 vid.
601 2223 752 2260 Comm.
782 2221 832 2259 ad
858 2223 887 2260 l.
919 2225 944 2264 3
973 2221 1022 2259 de
1050 2224 1241 2274 prostasia
1271 2228 1310 2259 et
1334 2227 1416 2258 not.
1446 2219 1473 2257 d
1499 2219 1551 2258 ad

111 2276 143 2313 1.
163 2275 217 2317 55
237 2275 291 2314 de
306 2276 439 2315 decur.
466 2279 611 2314 Ritter.
673 2279 723 2315 cf.
745 2277 975 2316 Boissonad.
994 2280 1148 2329 Eunap.
1172 2282 1190 2318 1
1210 2291 1251 2328 p.
1272 2277 1354 2318 555
1376 2275 1483 2313 med·

219 2331 274 2369 ib.
309 2346 349 2370 v.
383 2333 450 2374 15.
505 2335 815 2385 provinciarum,
859 2335 902 2371 in
929 2347 1026 2386 quas
1053 2333 1178 2371 divisa
1203 2333 1425 2370 Palaestina
1454 2338 1550 2379 erat,

108 2387 239 2436 prima
266 2389 501 2437 consularis,
541 2389 713 2426 secunda
747 2397 785 2427 et
810 2392 925 2427 tertia
954 2389 1208 2441 praesidiales
1236 2389 1410 2425 fuerunt.
1464 2386 1549 2425 vid.

107 2443 230 2480 Notit.
249 2444 405 2494 imperii
424 2446 486 2482 fit.
501 2446 528 2484 7
546 2459 587 2496 p.
614 2448 719 2486 1626
741 2444 865 2483 Thes.
886 2447 1029 2483 Graev.

218 2511 260 2549 p-
281 2501 363 2540 226
382 2512 423 2536 Va
445 2502 510 2540 18.
558 2499 614 2547 (ὅς
631 2501 783 2551 εἴρηταί
798 2517 866 2552 μοι
881 2498 1087 2552 πρότερον.
1116 2495 1310 2549 v.supr.4
1336 2498 1452 2537 19311·
1483 2498 1544 2536 Η.

216 2566 258 2604 P·
279 2557 359 2595 227
379 2568 418 2591 v.
441 2556 508 2596 12.
566 2554 856 2607 reprehendunt
871 2559 1088 2603 Zosimum,
1118 2553 1223 2606 quod
1242 2566 1370 2590 mores
1391 2559 1547 2589 contra-

107 2608 186 2645 rios
205 2609 249 2645 in
268 2608 409 2647 eodem
426 2609 587 2648 homine
602 2611 752 2660 tradat3
796 2615 943 2650 etenim
963 2610 1236 2649 Theodosium
1251 2638 1261 2656 ‚
1293 2621 1382 2645 cum
1404 2607 1547 2644 adver-

106 2675 175 2700 sus
207 2668 419 2714 syrannum
450 2668 600 2704 occulte
629 2668 779 2705 bellum
809 2669 987 2719 pararet,
1028 2666 1280 2708 ambitiosum
1299 2670 1339 2700 et
1361 2664 1544 2711 alacrem,

107 2716 343 2769 hic‘autem,
380 2723 423 2763 in
441 2722 634 2762 vindictae
654 2723 867 2762 sumendae
889 2723 1199 2775 opportunitate,
1236 2722 1424 2772 ignavum
1444 2725 1483 2757 et
1501 2725 1545 2757 ut
