1812 3016
286 72 306 116 1
323 69 380 116 14
905 72 1099 115 ZOSIMI

283 186 362 232 θος
387 176 444 226 ὧν
477 182 531 232 εἷς
558 181 603 224 τὸ
629 182 845 236 πολίτευμα
875 181 1094 240 παρηνόμει
1118 180 1261 234 πάντες
1280 182 1342 226 ἐπὶ
1363 182 1408 226 τὸ
1428 186 1540 240 κοινῇ
1560 186 1715 226 λυσιτε-

286 254 380 291 λοῦν
409 250 621 306 ὥρμησαν,
655 250 990 306 ἐλευθερώσαντες
1018 252 1061 293 δὲ
1090 255 1266 308 πονηροῦ
1291 252 1442 308 θηρίου
1476 251 1550 300 τὰς
1584 248 1716 300 πόλεις

287 318 396 373 αὐτῷ
430 318 502 371 τὴν
535 320 741 371 βασιλείαν
775 319 975 374 ἐπέθηκαν
1011 319 1158 362 ἄκοντι.
1225 316 1347 374 (48)
1379 322 1507 361 ταῦτα
1535 318 1715 373 λέγοντος

283 385 545 438 ἐξανέστησαν
573 385 744 435 ἅπαντες
761 388 816 436 εἷς
837 386 881 428 τὸ
905 390 1108 440 πολεμεῖν,
1143 388 1208 429 καὶ
1239 391 1487 443 παραχρῆμα
1507 386 1581 436 τὰς
1600 383 1715 427 ὁπλί-

284 469 366 501 σεις
385 450 650 505 ἀναλαβόντες
671 453 861 509 ὥρμησαν
877 455 940 495 ἐπὶ
961 454 1006 496 τὸ
1029 459 1302 510 περαιωθῆναι
1323 453 1392 496 τὸν
1411 451 1532 496 Σάον.
1583 453 1746 508 ἅπαν-5

282 518 493 574 γειλάντῑον
514 521 557 561 δὲ
578 525 657 562 τῶν
679 520 940 563 κατασκόπων
960 522 1031 576 τὴν
1054 521 1200 578 ἔφοδον
1212 549 1224 572 ,
1260 522 1299 564 οἱ
1319 522 1485 563 Σισκιάν
1506 520 1578 575 τὴν
1602 518 1716 563 πόλιν

284 586 548 642 φυλάττοντες
569 589 807 643 ἐπικειμένην
828 594 878 645 τῇ
896 588 1003 646 ὄχθῃ
1023 594 1095 631 τοῦ
1111 588 1220 632 Σάου
1240 589 1333 639 τοὺς
1349 590 1422 641 μὲν
1442 586 1717 642 κατηκόντιζον

284 656 466 708 ἐπιβῆναι
488 659 558 708 τῆς
577 655 706 709 ὄχθης
726 661 798 697 τοῦ
818 662 1001 710 ποταμοῦ
1015 657 1294 711 βουλομένους,
1312 664 1395 706 τοῖς
1412 657 1455 698 δὲ
1475 656 1716 698 ἀνθίσταντο

283 722 355 774 τὴν
380 723 556 778 γέφυραν
582 725 798 776 διαβαίνειν
821 725 1101 780 ἐπιχειροῦσιν,
1136 723 1190 774 ὡς
1215 724 1386 773 πολλοὺς
1407 725 1480 776 μὲν
1504 740 1716 780 κατασφα-

281 794 418 843 γῆναι,
453 791 611 839 πλείους
639 792 682 832 δὲ
706 788 783 832 ὑπὸ
815 790 967 833 ἑαυτῶν
997 792 1253 844 ὠθουμένους
1275 793 1342 833 καὶ
1362 794 1441 833 τῶν
1457 792 1642 833 ἐναντίων
1661 792 1717 840 εἷς
1728 800 1770 835 10

281 856 351 897 τὸν
380 856 560 909 ποταμὸν
587 858 778 910 ἐμπεσεῖν.
847 857 970 915 φόνου
1001 860 1044 901 δὲ
1065 860 1272 914 γενομένου
1295 860 1446 900 πολλοῦ
1463 860 1529 900 καὶ
1549 862 1628 900 τῶν
1644 859 1718 911 μὲν

282 924 323 964 ἐν
352 928 409 980 τῷ
436 922 592 979 φεύγειν
622 929 692 979 τῆς
719 929 803 977 τοῦἐ
822 931 1005 980 ποταμοῦ
1024 925 1200 983 γεφύρας
1224 924 1542 977 ἀποπιπτόντων,
1575 930 1655 968 τῶν
1673 926 1718 968 δὲ

282 990 355 1032 σὺν
387 989 489 1048 τόνῳ
521 995 656 1049 πολλῷ
683 991 904 1035 διωκόντων
914 1024 927 1044 ,
963 996 1018 1044 εἷς
1045 994 1211 1048 ἔσχατον
1245 994 1377 1036 ἐλθών
1411 991 1433 1035 ὅ
1468 994 1718 1049 Μαγνέντιος

281 1063 407 1099 κακοῦ
435 1057 566 1101 τοιάδε
596 1059 928 1114 μηχανησάμενος
961 1061 1030 1103 τὸν
1068 1063 1262 1104 ἐνεστῶτα
1294 1063 1506 1118 διαδρᾶναι
1538 1062 1717 1103 κίνδυνον

281 1121 365 1175 οἶός
396 1143 437 1167 τε
467 1127 608 1181 γέγονε.
677 1127 805 1181 πήξας
833 1130 873 1170 ἐν
901 1133 951 1185 τῇ
975 1134 1026 1185 γῇ
1050 1129 1095 1172 τὸ
1131 1128 1252 1186 δόρυ,
1286 1131 1352 1171 καὶ
1375 1133 1425 1185 τῇ
1445 1131 1555 1188 δεξιᾷ
1575 1127 1718 1179 νεύσας
1729 1143 1770 1178 15

280 1200 363 1242 τοῖς
398 1195 587 1243 ἐναντίοις
618 1192 673 1244 ὥς
700 1194 749 1249 δή
775 1213 812 1237 τι
833 1195 1076 1250 βουλόμενος
1098 1199 1216 1239 εἰπεῖν
1236 1199 1454 1253 εἷρηναῖον,
1487 1196 1622 1251 ἐπειδὴ
1646 1196 1718 1251 τὴν

280 1260 404 1314 ἀκοὴν
436 1259 534 1302 εἶδεν
562 1259 798 1315 ὖπὲχοντας,
834 1263 880 1305 οὗ
903 1266 994 1317 δίχα
1018 1269 1088 1318 τῆς
1107 1269 1180 1306 τοῦ
1197 1265 1395 1317 βασιλέως
1412 1262 1624 1314 κελεύσεως
1639 1263 1716 1321 ἔφη

277 1327 346 1368 τὸν
379 1326 487 1369 Σάον
524 1329 712 1382 ἐθελῆσαι
747 1335 1043 1385 περαιωθῆναι,
1076 1333 1276 1373 Φιλίππου
1308 1333 1352 1374 δὲ
1379 1330 1554 1381 εἰπόντος
1569 1336 1717 1387 χρῆναι

276 1395 348 1446 τὴν
365 1395 536 1436 Ἰταλίαν
558 1396 677 1437 αὐτὸν
696 1399 762 1438 καὶ
781 1398 992 1454 Νωρικοὺς
1012 1398 1256 1446 ἀπολιπόντα
1279 1399 1351 1453 τὴν
1370 1398 1568 1454 Ἰλλυρίδα
1586 1417 1716 1442 zava*

275 1465 412 1514 λαβεῖν
442 1464 508 1503 καὶ
538 1463 578 1503 ἐν
608 1463 733 1520 ταύτῃ
761 1465 854 1514 τούς
883 1468 970 1521 περὶ
991 1471 1070 1508 τῶν
1090 1469 1272 1508 σπονδῶν
1290 1465 1538 1521 ποιήσασθαι
1561 1465 1771 1523 Myon-20

275 1528 426 1570 τούτων
459 1529 639 1584 ἀκηκοὼς
666 1536 744 1573 τῶν
771 1530 899 1587 λόγων
921 1527 1199 1583 Κωνστάντιος
1218 1534 1411 1588 ἀπέστησε
1433 1535 1507 1587 μὲν
1528 1539 1599 1589 τῆς
1619 1533 1715 1577 διώ*
1769 1551 1771 1553 ·

277 1599 374 1645 ξεως
402 1596 495 1646 τοὺς
525 1599 709 1649 οἰκείους,
743 1600 916 1642 ἐνεδίδου
946 1602 989 1642 δὲ
1009 1603 1246 1658 ΠΙαγνεντίῳ
1266 1601 1338 1655 τὴν
1358 1601 1504 1645 ἑαυτοῦ
1525 1602 1716 1658 στρατιὰν

278 1666 332 1713 εἷς
355 1664 405 1705 τὰ
424 1665 572 1718 μεταξὺ
596 1670 785 1722 Νωρικοῦ
803 1669 869 1710 καὶ
884 1670 1083 1719 Παιονιάς
1107 1671 1172 1711 καὶ
1194 1671 1364 1719 Μυσίας
1382 1671 1448 1711 καὶ
1469 1670 1626 1729 Δακίας
1643 1687 1715 1713 πε·-

369 1804 411 1837 10
432 1801 495 1837 καὶ
517 1814 569 1838 om
592 1802 630 1840 P.
772 1806 814 1841 17
833 1801 1030 1850 ἐπέχοντας
1051 1807 1092 1842 P.
1231 1809 1276 1842 ΞΟ
1296 1808 1371 1843 τῶν
1393 1819 1446 1843 om
1467 1808 1509 1842 P.

277 1920 396 1968 quibus
419 1925 475 1959 ille
500 1937 570 1959 rem
597 1922 763 1971 publicam
786 1936 847 1972 per
861 1925 969 1962 scelus
985 1931 1020 1963 et
1033 1924 1184 1963 iniuriam
1199 1932 1376 1974 vexasset,
1399 1941 1511 1964 omnes
1526 1927 1570 1964 ad
1584 1930 1618 1965 id
1634 1939 1714 1976 pro-

276 1980 411 2012 gressos
438 1970 538 2004 fuisse
563 1972 651 2015 quod
668 1972 844 2015 expediret
858 1974 1002 2017 publice.
1049 1974 1241 2008 civitatibus
1254 1980 1363 2009 autem
1378 1976 1451 2009 dira
1467 1976 1575 2009 bellua
1589 1977 1716 2011 libera-

277 2014 320 2047 tis
331 2041 341 2056 ‚
367 2014 473 2047 invito
490 2015 552 2048 sibi
567 2016 611 2048 ab
628 2016 676 2049 eis
692 2017 837 2050 oblatum
852 2018 1032 2062 imperium.
1080 2021 1178 2063 (48)
1201 2020 1283 2053 haec
1298 2031 1370 2053 cum
1386 2022 1576 2064 proferret,
1601 2033 1716 2055 ornnes

275 2059 318 2091 ad
338 2059 460 2092 beilum
476 2061 740 2104 persequendum
756 2073 977 2106 consurgere,
1000 2065 1179 2109 statimque
1200 2064 1307 2109 captis
1332 2065 1430 2098 armis
1445 2066 1486 2099 ad
1502 2066 1714 2100 transiicien-

275 2104 352 2137 dum
383 2105 507 2137 Savum
538 2106 703 2149 progredi.
750 2118 888 2149 quorum
917 2109 1095 2143 adventum
1130 2120 1202 2143 cum
1234 2111 1460 2153 specu!atores
1491 2111 1712 2155 nuntiassent,

274 2153 443 2192 quotquot
471 2156 566 2183 erant
595 2150 627 2183 in
658 2150 772 2194 oppidi
803 2152 930 2186 Sisciae
963 2152 1148 2197 praesidio,
1170 2154 1260 2198 quod
1287 2154 1318 2187 in
1343 2155 1415 2199 ripa
1434 2156 1516 2189 Savi
1531 2157 1630 2190 situm
1647 2162 1714 2198 est,

275 2194 359 2227 alios
381 2193 414 2226 in
440 2194 546 2238 ripam
574 2194 718 2228 fluminis
742 2196 947 2231 adscendere
970 2199 1120 2233 volentes
1141 2199 1212 2232 telis
1231 2199 1466 2243 configebant,
1489 2201 1561 2234 aliis
1578 2207 1714 2246 pontem

274 2237 421 2272 transire
448 2235 645 2272 conantibus
667 2240 885 2283 resistebant,
919 2242 966 2275 ita
992 2244 1121 2288 quidem
1137 2249 1174 2277 ut
1189 2243 1281 2277 multi
1295 2244 1564 2287 trucidarentur,
1599 2246 1713 2290 piures

274 2283 396 2336 partim
422 2284 464 2317 ab
491 2295 529 2317 se
554 2284 636 2329 ipsis
657 2285 777 2329 partim
802 2287 845 2319 ab
869 2287 1017 2322 hostibus
1041 2289 1171 2332 impulsi
1194 2289 1226 2322 in
1250 2289 1385 2322 fluvium
1401 2291 1712 2335 praecipitarentur.

274 2329 403 2372 ingenti
418 2324 521 2362 caede
536 2329 645 2370 facta,
670 2341 744 2363 cum
769 2330 858 2364 inter
877 2333 1068 2376 fugiendum
1086 2334 1132 2367 illi
1147 2333 1189 2366 de
1205 2334 1345 2367 fluminis
1362 2340 1462 2378 ponte
1477 2336 1655 2378 caderent,
1681 2336 1713 2370 hi

276 2385 392 2417 magno
417 2385 488 2407 cum
513 2373 641 2419 impetu
666 2382 966 2419 persequerentur,
989 2378 1202 2422 Magnentius
1224 2378 1257 2411 in
1281 2390 1439 2413 summum
1460 2380 1636 2415 discrimen
1651 2381 1712 2414 ad-

274 2418 396 2452 ductus
419 2419 602 2452 huiusmodi
626 2419 868 2454 machinatione
886 2434 1042 2466 praesens
1060 2424 1189 2456 evitare
1204 2423 1383 2466 periculum
1400 2425 1521 2468 potuit.
1569 2425 1662 2458 hasta
1677 2425 1712 2458 in

274 2470 398 2496 terram
414 2464 543 2506 defixa,
566 2475 638 2497 cum
655 2469 736 2497 nutu
751 2465 891 2500 dextrae
906 2467 1129 2510 significasset
1143 2468 1292 2501 hostibus
1307 2480 1345 2501 se
1360 2470 1401 2503 de
1417 2481 1499 2512 paee
1515 2469 1593 2515 quid
1609 2481 1711 2513 agere

276 2509 381 2550 velle,
406 2509 462 2543 ubi
478 2519 576 2543 aures
590 2509 654 2543 sibi
669 2510 825 2554 praeberi
842 2510 938 2549 vidit..
963 2524 1028 2546 non
1044 2513 1253 2557 imperatoris
1266 2513 1391 2547 iniussn
1407 2515 1531 2547 Savum
1547 2526 1585 2548 se
1600 2519 1710 2548 trans·

276 2553 380 2587 iicere
401 2554 550 2588 voluisse
572 2554 696 2598 inquit,
724 2555 785 2588 sed
812 2567 832 2588 a
859 2556 1010 2601 Philippo
1037 2558 1214 2599 monitum,
1238 2558 1339 2591 Italia
1364 2559 1563 2603 Noricisque
1584 2559 1710 2593 reiictis

273 2599 440 2641 Illyricum
457 2604 590 2644 peteret
605 2605 705 2644 atque
718 2595 766 2633 ibi
780 2600 823 2633 de
837 2601 973 2635 foedere
987 2607 1116 2645 ageret.
1164 2602 1213 2635 his
1229 2603 1351 2636 auditis
1367 2603 1582 2638 Constantius
1597 2615 1674 2638 suos
1687 2616 1710 2638 a

273 2645 504 2688 persequendo
530 2650 690 2687 revocat,
718 2649 754 2678 et
778 2644 970 2689 Magnentio
987 2648 1181 2680 facultatem
1196 2647 1351 2681 concedit
1366 2653 1404 2682 ut
1417 2648 1599 2682 exercitum
1614 2658 1724 2683 suum‘

273 2688 313 2720 ad
340 2700 472 2734 campos
495 2691 585 2726 inter
608 2690 768 2725 Noricum
791 2691 996 2726 Pannoniam
1011 2692 1172 2726 Moesiam
1186 2692 1391 2738 Daciamque
1404 2693 1491 2728 sitos
1503 2693 1713 2738 traduceret,
