1812 3016
379 107 820 152 COMMENTARIUS
858 107 1165 152 msTomcU
1164 107 1210 151 S.
1425 104 1522 155 341

188 227 231 267 p.
250 214 304 258 53
322 228 363 254 v.
383 218 450 259 12.
507 215 557 254 de
585 217 683 255 urbe
697 216 883 268 Palmyra
911 214 1064 269 direpta
1093 216 1259 268 epistola
1276 215 1524 273 imperatoris

79 268 185 323 apud
204 271 415 323 Vopiscum
433 272 588 324 (Aurel.
609 273 682 324 81)
707 280 848 310 exstat.

189 325 244 364 ib.
267 340 308 364 v.
325 327 391 369 14.
447 330 603 367 Firmus
632 331 716 367 sive
732 330 902 367 Firmius
932 326 1095 380 quidam
1122 329 1163 365 in
1181 330 1363 385 Aegypto
1390 341 1522 367 rerum

77 381 350 421 novandarum
371 392 509 423 auctor
532 386 674 427 fuerat,
730 384 813 424 vid.
829 386 986 437 Vopisc.
1008 384 1212 423 Aurelian.
1236 397 1271 423 c.
1288 387 1356 426 32.
1413 384 1521 424 idem

75 437 120 475 in
145 439 227 476 vita
242 439 378 482 Firmi.

187 493 243 532 ib.
268 509 307 534 v.
330 497 399 538 19.
458 494 644 547 Theium*
670 518 722 526 —
750 494 847 547 μετᾶ
871 493 948 547 τήν
968 491 1088 544 «ἰξίαν
1116 498 1301 547 μετῆλθε.
1359 495 1402 534 id
1426 496 1524 534 sub-

78 549 241 588 obscure
269 549 432 591 dictum.
501 552 686 589 Tetrlcus
719 564 798 589 non
826 553 1018 603 supplicio
1049 551 1235 600 affectus,
1279 550 1351 590 sed
1381 553 1448 590 ubi
1479 553 1523 590 in

77 605 277 658 triumpho
294 606 434 647 ductus
450 608 602 657 fuerat,
639 608 836 645 Lucaniae
857 614 1050 648 corrector
1075 609 1297 660 praefectus
1321 608 1370 646 ab
1395 610 1527 660 impe-

78 668 205 700 ratore
223 669 297 701 est.

187 717 242 756 ib.
274 732 315 756 v·
343 722 413 762 21.
467 719 718 758 Aurelianus
749 727 945 757 monetam
980 721 1150 757 nstituit
1159 748 1176 766 ,
1221 726 1320 757 teste
1348 720 1525 760 Zosimu-

74 773 222 811 mirum
238 773 365 813 videri
382 781 530 827 potest,
571 774 678 828 quod
706 776 790 813 eius
823 777 880 812 rei
909 776 1066 814 nullum
1093 789 1167 813 nec
1192 776 1234 812 in
1254 778 1386 814 numis
1402 789 1524 827 argu-

37 872 41 877 ,
74 837 256 868 mentum
286 845 360 870 nec
390 833 581 872 memoria
610 829 931 882 deprehenditur.
998 830 1069 870 sed
1100 830 1351 869 referendum
1380 838 1438 869 est
1471 831 1524 869 ad

75 884 311 925 seditionem
331 901 353 925 a
370 889 596 925 monetariis
617 894 788 935 motam,
828 889 898 939 qui
926 900 1068 926 numos
1094 894 1327 925 arroserant.
1385 888 1524 926 Aurel-

74 941 176 981 vict.
195 943 308 982 enez.
324 943 379 985 34
402 946 442 991 6,
472 942 564 980 add.
583 944 740 995 Vopisc.
762 957 796 983 o.
815 945 881 990 38,
911 945 1074 993 Eutrop.
1095 945 1121 983 9
1152 943 1218 983 14.
1239 944 1300 980 H.

185 1011 227 1050 Ρ.
248 998 302 1040 54
319 1012 358 1037 v.
379 1002 421 1040 2.
479 1000 645 1050 singulis
667 1001 781 1050 panis
801 1000 1004 1049 siliginem
1026 998 1154 1036 datus.
1213 1000 1340 1035 caruis
1362 1011 1523 1050 quoquc

74 1066 191 1092 usum
205 1056 442 1093 Aurelianus
463 1056 610 1111 populo
628 1056 809 1092 instituit.
839 1056 971 1092 Victor
988 1057 1082 1106 epit.
1103 1055 1156 1095 35
1177 1055 1231 1091 ibi
1247 1055 1482 1092 Salmasius.

186 1109 241 1148 ib.
260 1125 301 1150 v.
321 1113 363 1152 6.
406 1108 539 1163 Ἔρως
557 1113 724 1162 VopIsco
753 1111 916 1162 (Am-el.
937 1125 971 1148 c.
991 1110 1072 1160 36)
1091 1110 1323 1147 Mrmtheus
1345 1117 1521 1160 vocatur,

74 1161 249 1208 notarius
268 1173 521 1205 secretorum.
579 1180 714 1206 caesus
737 1174 796 1204 est
814 1169 1028 1218 imperator
1044 1179 1166 1206 mauu
1186 1168 1445 1218 Muscaporis.

185 1221 241 1260 ib.
266 1237 306 1264 v.
326 1226 395 1264 20.
451 1221 502 1260 de
522 1224 662 1260 Tacito
683 1223 735 1260 cf.
754 1224 942 1273 Vopiscus
962 1224 1003 1260 in
1023 1225 1104 1260 vita
1120 1223 1267 1260 Taciti.

184 1291 225 1330 Ρ.
253 1279 308 1322 55
333 1293 372 1317 v.
399 1280 440 1318 9.
498 1276 720 1328 διώξαντες.
775 1277 828 1318 ad
864 1278 1120 1321 avertendam
1156 1279 1350 1318 ultionem
1388 1275 1521 1316 caedis

72 1335 254 1373 Maximi.
310 1337 485 1372 Zonaras
503 1336 556 1382 12
585 1337 652 1376 28.

182 1389 236 1428 ib.
261 1403 300 1429 v.
323 1392 390 1432 12.
447 1389 496 1428 de
523 1391 728 1437 Floriano,
767 1390 837 1442 qul
868 1404 948 1427 nou
976 1397 1134 1428 senatus
1159 1388 1231 1427 sed
1256 1402 1328 1427 suo
1359 1388 1519 1427 arbitrio

71 1445 283 1501 imperium
299 1448 510 1494 invaserat,
539 1460 579 1488 v.
599 1447 789 1499 Vopiscus
806 1447 847 1483 in
866 1447 1048 1486 Floriano
1067 1454 1106 1485 et
1122 1446 1265 1486 Probo.

181 1516 223 1555 p.
242 1504 296 1545 56
311 1515 351 1540 v.
373 1502 438 1548 14.
498 1501 547 1539 de
564 1503 693 1540 Probo
710 1515 749 1539 v.
772 1503 856 1539 eius
872 1503 952 1539 vita
971 1515 993 1539 a
1013 1503 1180 1553 Vopisco
1200 1502 1435 1552 conscripta.

179 1572 221 1610 Ρ.
243 1560 296 1601 57
315 1572 355 1596 V.
374 1559 415 1600 5.
473 1558 704 1596 observante
722 1559 922 1608 Scallgero
939 1557 990 1594 ad
1010 1558 1241 1604 Eusebium,
1271 1558 1420 1594 Zosimi
1441 1556 1518 1601 Sa-

71 1615 272 1653 turnInum
296 1616 479 1651 Maurum
502 1614 702 1662 saciensss,
743 1621 874 1650 contra
903 1615 1174 1650 auctoritatem
1196 1614 1354 1662 Vopisci
1380 1612 1518 1648 oriun-

71 1669 168 1707 dum
183 1683 276 1708 eum
294 1684 317 1708 ο
333 1671 462 1707 Gallia
484 1669 671 1717 dicentis,
709 1667 965 1705 hallucinatio
987 1667 1080 1706 inde
1101 1676 1185 1706 orta
1203 1667 1379 1714 videtur,
1409 1665 1518 1718 quod

69 1727 305 1768 Saturninus
326 1726 503 1764 Africam
530 1738 554 1763 a
582 1726 731 1763 Mauris
759 1731 989 1776 occupatam
1018 1725 1268 1763 liberaverat.
1323 1723 1518 1773 Vopiscus

70 1795 106 1825 c.
130 1783 198 1826 10.
1077 1824 1081 1827 ,

180 1837 222 1878 ib
238 1850 278 1874 v.
299 1839 369 1878 28.
423 1836 724 1874 frumentariam
749 1834 854 1872 hanc
879 1836 1057 1887 pluviam
1082 1841 1215 1872 narrat
1241 1835 1362 1871 etiam
1382 1835 1516 1870 Zona-

69 1907 153 1941 ras,
200 1891 434 1932 sed'addita
465 1891 671 1930 dubitandi
699 1892 892 1940 formula,
940 1892 980 1936 εἴ
1009 1903 1088 1935 τισι
1120 1893 1238 1933 τοῦτο
1273 1885 1516 1932 πιστεύοιτο.

74 1950 221 1988 Geuar.

178 2019 220 2062 Ρ.
239 2004 294 2046 58
314 2017 354 2041 v.
374 2006 415 2045 8.
471 2005 513 2041 in
535 2002 781 2054 Logabnibus
810 2001 1028 2040 haerebunt
1050 2016 1206 2040 mecum
1233 2002 1301 2038 alii
1330 2001 1513 2038 lectores·

67 2060 251 2100 videmur
277 2059 400 2098 iidem
428 2074 513 2098 esse
529 2089 540 2107 ‚
584 2061 653 2111 qui
670 2061 794 2110 Lygii
815 2061 941 2110 magis
964 2060 1124 2109 vulgato
1151 2059 1334 2105 nomine,
1366 2069 1512 2096 nume-

67 2117 182 2158 randi
202 2117 315 2164 adeo,
342 2123 498 2154 auctooe
514 2118 673 2153 Zosimo
685 2144 696 2163 ,
724 2117 827 2152 inter
843 2117 1096 2152 Germanicos
1115 2114 1298 2166 populos.
1353 2124 1512 2148 memo-

67 2176 167 2210 ravit
185 2187 251 2222 eos
270 2174 351 2210 iam
369 2174 532 2210 Tacitus
553 2173 685 2208 Germ.
704 2170 757 2212 43
769 2200 780 2218 ,
820 2185 897 2222 quo
915 2178 1092 2222 tempore
1113 2170 1164 2207 ad
1181 2170 1376 2210 Vistulam
1395 2165 1511 2204 sedes

66 2228 278 2266 habebant.
333 2230 531 2280 progressi
546 2227 639 2264 inde
655 2240 791 2264 versus
808 2229 1035 2264 Pannoniae
1051 2227 1162 2274 fines,
1192 2226 1302 2262 fuere
1319 2225 1423 2260 inter
1440 2234 1510 2259 eos

66 2285 254 2336 populos,
297 2286 366 2336 qui
384 2286 580 2322 Vannium
597 2296 719 2333 regno
737 2285 839 2320 inter
855 2285 1009 2320 Marum
1027 2290 1066 2320 et
1087 2284 1235 2320 Cusum
1251 2282 1360 2316 flum.
1378 2291 1509 2328 expu-

66 2342 210 2378 lerunt.
264 2342 395 2378 Tacit.
424 2343 528 2378 Ann.
554 2341 607 2381 12
634 2341 703 2380 29.
759 2352 864 2378 nunc
899 2340 1147 2376 incursarunt
1175 2336 1443 2379 Pannoniam,
1483 2345 1509 2371 a

67 2397 195 2434 Probo
212 2398 391 2447 repressi.
449 2398 592 2433 iterum
609 2395 759 2432 Suevos
778 2397 819 2431 in
834 2397 984 2434 Moesia
1007 2395 1242 2435 infestarunt
1258 2391 1331 2428 sub
1346 2388 1509 2427 Diocle-

66 2454 188 2492 tiano.
243 2453 319 2489 Dio
336 2455 389 2493 67
408 2451 434 2495 5
449 2452 517 2488 nbi
535 2465 574 2488 v.
595 2451 747 2488 Fabric.
793 2452 853 2488 Η.

177 2507 231 2545 ib.
258 2521 296 2545 v.
320 2507 384 2548 14.
443 2520 532 2544 oum
562 2506 808 2557 Burgundis,
847 2519 1017 2558 quorum
1048 2504 1115 2542 hic
1142 2502 1290 2539 mentio
1325 2497 1447 2536 modo
1482 2510 1506 2535 a

65 2565 224 2605 zosimo
242 2565 386 2604 iniecta
407 2570 490 2612 est,
517 2563 787 2601 Diocletianus
816 2563 1008 2602 conflixit.
1063 2558 1288 2597 Mamertin.
1309 2557 1506 2606 Panegyr.

67 2633 104 2660 ο.
130 2619 171 2660 5.

175 2687 216 2725 Ρ.
237 2675 290 2717 59
308 2689 346 2713 v.
366 2677 433 2715 11.
488 2671 656 2724 Λύδιος.
710 2674 886 2731 appellat
908 2670 1080 2712 eundem
1099 2669 1290 2724 Vopiscus
1308 2666 1370 2720 (in
1379 2664 1509 2707 tho

67 2742 103 2769 ο.
126 2730 196 2780 16)
214 2731 448 2772 Palfurium.
