1774 3002
250 87 316 138 46
869 94 1063 140 zosml

248 209 333 255 τοῖς
353 203 542 256 ἐναντίοις
562 207 762 259 ἷσοπαλεΐς
779 204 952 266 ἴτρεψαν
971 208 1070 251 εὐθὺ
1093 210 1148 260 εἷς
1171 205 1325 267 φυγήν·
1348 210 1416 252 καὶ
1439 210 1477 252 οἱ
1497 210 1570 265 μὲν
1588 211 1691 255 κατὰ

248 278 329 315 τῶν
372 278 556 331 κρημνῶν
599 274 809 333 φερόμενοι
845 275 1145 334 διερρήγνυντο,
1190 278 1286 329 τοὺς
1328 279 1373 320 δὲ
1412 278 1450 321 οἷ
1486 277 1693 330 διώκοντες

246 340 524 399 ἀπέσφαττον,
559 339 674 387 οὗτοί
688 363 729 387 τε
752 347 817 387 καὶ
844 345 882 386 οἱ
901 343 1164 399 μετασχόντες
1190 350 1263 401 τῆς
1282 346 1344 388 ἐπὶ
1363 345 1433 389 τὸν
1452 345 1578 404 λόφον
1595 346 1692 390 ἀνό-

248 411 335 453 δου.
400 411 503 464 μετὰ
521 413 563 454 δὲ
583 413 655 468 τὴν
670 414 780 468 νίκην
804 413 870 454 ἐπ’
901 413 1036 463 ἀδείας
1059 414 1132 469 τὴν
1155 413 1344 469 διάβασιν
1363 415 1613 468 ποιουμένοις
1631 446 1691 458 ...

1767 117 1774 184 ...Λ
1755 0 1774 107 -;ἒ4-.>.;”Δῑ

244 478 462 535 χαίροντας
491 477 627 536 κύριον
658 481 762 523 κατὰ
789 485 917 524 ταῦτα
943 485 995 538 τῇ
1025 479 1233 542 ὁδοιπορίᾳ
1266 486 1341 526 τοῦ
1365 483 1563 536 βασιλέως
1579 491 1724 540 xpm-⁵
1767 475 1774 504 l

245 547 381 600 μένου.
449 547 601 601 δέχεται
625 550 697 602 μὲν
717 544 787 591 οὖν
819 549 939 591 αὐτὸν
954 548 1149 604 Ἀπάμεια
1174 552 1240 593 καὶ
1259 548 1459 607 Λάρισσα
1477 553 1543 592 καὶ
1564 551 1695 609 'Aps-

247 618 406 656 θοῧσα·
439 614 484 658 τὸ
510 617 552 658 δὲ
571 621 650 659 τῶν
670 620 955 673 Παλμυρηνῶν
976 617 1243 675 στρατόπεδον
1264 618 1362 661 ἰδών
1385 620 1427 661 ἓν
1446 623 1505 675 τῷ
1524 619 1602 675 πρὸ
1623 623 1695 673 τῆς

243 681 412 737 Ἐμέσης
442 685 564 742 πεδίῳ
600 686 891 741 συνειλεγμένον
922 687 978 736 εἷς
1009 690 1169 741 πλῆθος
1207 685 1310 729 ἔπτὰ
1340 684 1549 743 μυριάδων
1576 686 1619 729 ἕκ
1651 703 1694 730 τε

246 750 380 794 αὐτῶν
407 754 692 809 Παλμυρηνῶν
716 755 782 795 καὶ
806 758 886 796 τῶν
907 753 1061 806 ἄλλων,
1097 753 1183 797 ὅσοι
1214 759 1286 810 τῆς
1320 755 1530 811 στρατείας
1558 754 1695 806 αὐτοῖς

247 820 395 861 εἵλοντο
423 827 659 874 μετασχεῖν,
701 821 1126 878 ἅντεστρατοπεδεύετο
1158 826 1210 878 τῇ
1246 840 1288 865 τε
1322 823 1556 876 Λαλματῶν
1579 824 1691 881 ἵππῳ
1705 829 1749 864 10

247 889 314 929 καὶ
346 889 511 938 Μυσοῖς
533 891 599 930 καὶ
624 890 777 931 Παιόσι
813 892 879 931 καὶ
908 889 963 932 ἔτι
995 907 1038 946 γε
1067 894 1269 947 Νωρικοῖς
1293 892 1359 932 καὶ
1376 888 1558 941 Ῥαίτοις,
1592 889 1692 947 ἅπερ

246 955 330 997 ἐστὶ
364 956 539 998 Κελτικὰ
565 954 764 1013 τάγματα.
830 952 935 1013 ἦσαν
961 958 1005 1000 δὲ
1035 957 1136 1015 πρὸς
1159 955 1316 1008 τούτοις
1337 959 1375 1000 οἱ
1391 962 1466 1001 τοῦ
1482 962 1697 1012 βασιλικοῦ

246 1023 397 1074 τέλους,
432 1024 474 1065 ἐκ
500 1022 660 1067 πάντων
690 1025 918 1082 ἀριστίνδην
948 1026 1232 1082 συνειλεγμένοι
1253 1027 1320 1069 καὶ
1345 1024 1506 1068 πάντων
1528 1028 1694 1083 διαπρε-

246 1091 446 1134 πέστατοι.
514 1094 768 1136 συνετέτακτο
800 1095 843 1136 δὲ
875 1095 941 1135 καὶ
970 1092 997 1149 ἦ
1029 1094 1281 1151 Μαυρουσία
1300 1095 1423 1144 ῗππος
1444 1093 1594 1146 αὖτοῖς,
1626 1095 1694 1136 καὶ

246 1158 325 1201 ἀπὸ
345 1164 416 1214 τῆς
425 1159 560 1211 Ἀσίας
583 1162 628 1203 αῗ
641 1179 682 1204 τε
700 1161 778 1203 ἀπὸ
806 1160 976 1203 Τυάνων
1006 1160 1194 1216 δυνάμεις
1215 1164 1281 1204 καὶ
1305 1162 1348 1204 ἔκ
1370 1166 1442 1217 τῆς
1468 1162 1593 1216 μέσης
1614 1165 1694 1204 τῶν
1705 1168 1748 1205 15

243 1231 436 1281 ποταμῶν
476 1231 543 1270 καὶ
576 1231 727 1286 Συρίας
765 1231 831 1271 καὶ
864 1230 1053 1284 Φοινίκης
1078 1232 1145 1271 καὶ
1172 1231 1448 1284 Παλαιστίνης
1482 1230 1575 1284 τέλη
1604 1229 1695 1272 τινὰ

242 1299 322 1337 τῶν
343 1294 644 1352 ἀνδρειοτάτων.
712 1297 751 1338 οἶ
777 1298 819 1339 δὲ
849 1296 926 1339 ἀπὸ
945 1299 1223 1351 Παλαιστίνης
1240 1297 1341 1354 πρὸς
1355 1301 1405 1353 τῇ
1426 1296 1527 1353 ἄλλῃ
1543 1295 1695 1340 ὁπλίσει

243 1361 415 1420 κορύνας
446 1366 513 1406 καὶ
542 1362 699 1421 ῥόπαλα
731 1365 980 1421 ἐπεφέροντο.
1069 1365 1191 1420 (53)
1227 1362 1510 1420 συμπεσόντων
1541 1366 1586 1407 δὲ
1613 1369 1695 1408 τῶν

243 1432 523 1487 στρατοπέδων
540 1430 748 1484 ἀλλήλοις,
782 1432 913 1482 ἔδοξεν
930 1431 956 1487 ἢ
977 1436 1057 1475 τῶν
1072 1431 1281 1487 Ῥωμαίων
1295 1435 1419 1483 ’ίππος
1438 1429 1542 1475 κατά
1561 1449 1599 1475 τι
1619 1432 1695 1488 μέ-.

244 1515 315 1556 ρος
333 1499 530 1551 ἐκκλίνειν,
560 1498 615 1550 ὡς
634 1499 683 1542 ἂν
694 1500 752 1555 μὴ
763 1498 911 1555 πλήθει
929 1505 1008 1543 τῶν
1029 1503 1317 1557 Παλμυρηνῶν
1335 1501 1483 1543 ἱππέων
1507 1504 1750 1543 πλεονεκ-Ἇ)
1763 1554 1772 1561 ,

241 1564 416 1610 τοῦντων
457 1569 526 1610 καὶ
575 1568 940 1625 περιιππαζομένων
969 1586 1065 1619 πως
1106 1569 1152 1611 τὸ
1176 1568 1383 1623 Ῥωμαίων
1423 1567 1693 1625 στρατόπεδον

243 1635 415 1688 ἐμπεσὸν
445 1637 501 1686 εἷς
528 1633 723 1679 κύκλωσιν
753 1634 878 1693 λάθῃ.
953 1641 1034 1679 τῶν
1070 1638 1202 1679 τοίνυν
1236 1639 1522 1694 Παλμυρηνῶν
1545 1636 1695 1678 ἱππέων

244 1703 338 1754 τοὺς
357 1703 610 1755 ε’κκλίναντας
630 1702 852 1747 διωκόντων
871 1705 938 1747 καὶ
968 1702 1094 1762 ταύτῃ
1111 1705 1183 1759 τὴν
1202 1703 1315 1756 τάξιν
1332 1704 1405 1759 τὴν
1422 1705 1568 1746 οἰκείαν
1585 1721 1692 1762 παρ-

337 1798 362 1834 4
382 1798 601 1842 ποιούμενοι
622 1796 768 1844 ἔχαιρον
783 1798 929 1845 καίριον
948 1799 1187 1835 Leunclavius.
1294 1798 1317 1834 5
1335 1798 1401 1844 τῆς
1417 1795 1633 1843 ὁδοιπορίας
1651 1798 1695 1836 L.

243 1888 362 1922 clivem
382 1887 493 1922 locum
518 1888 709 1932 subiissent,
730 1890 863 1935 iamque
877 1889 979 1924 rebus
994 1889 1143 1923 omnibus
1169 1888 1211 1923 ad
1236 1900 1382 1942 pugnam
1401 1888 1500 1923 factis
1513 1899 1614 1933 pares
1630 1888 1693 1922 ad-

243 1933 401 1967 versariis
428 1939 554 1977 essent,
578 1946 654 1969 mox
680 1936 715 1969 in
741 1937 853 1979 sugam
876 1945 935 1969 eos
958 1938 1119 1979 egerunt3
1142 1939 1178 1968 et
1201 1934 1260 1967 ahi
1275 1935 1407 1979 quidem
1423 1945 1483 1978 per
1494 1933 1695 1979 praecipitia

244 1978 329 2023 lapsi
344 1978 633 2024 discerpebantur,
657 1981 712 2013 alii
733 1981 957 2013 caedebantur
976 1981 1019 2014 ab
1042 1979 1302 2023 insequentibus,
1323 1983 1394 2012 tam
1417 1979 1469 2012 his
1494 1989 1592 2023 quam
1610 1978 1695 2012 reli-

244 2023 330 2068 quis,
353 2028 521 2068 quotquot
533 2025 647 2058 itidem
663 2025 697 2058 in
721 2025 838 2058 collem
856 2025 954 2059 istum
969 2028 1159 2059 evaserant.
1206 2027 1287 2069 post
1301 2028 1432 2068 partam
1446 2023 1620 2058 victoriam
1635 2035 1695 2059 se-

243 2080 324 2102 cure
350 2072 564 2102 transeuntes
587 2070 791 2114 gaudebant,
813 2069 1015 2114 imperatore
1038 2070 1102 2103 hoc
1124 2069 1191 2102 iter
1211 2079 1307 2103 suum
1325 2080 1345 2102 o
1371 2073 1513 2114 portune
1529 2072 1690 2110 tenente;

242 2125 341 2159 quem
359 2117 508 2158 Apamea
524 2119 559 2147 et
573 2115 710 2149 Larissa
726 2119 760 2149 et
773 2116 942 2148 Arethusa
956 2115 1178 2159 excipiebant.
1222 2114 1279 2148 ubi
1300 2114 1330 2147 P
1364 2125 1575 2157 myrenorum
1592 2126 1692 2150 exer-

243 2159 344 2193 citum
361 2163 440 2193 ante
455 2160 611 2194 Emesam
626 2160 661 2193 in
677 2171 794 2205 campo
809 2160 983 2194 collectum
998 2159 1158 2202 vidisset,
1181 2159 1274 2194 cuius
1299 2163 1390 2193 esset
1415 2170 1569 2194 numerus
1582 2159 1692 2194 homi·-

242 2215 320 2240 num
339 2204 380 2238 ad
395 2205 611 2250 septuaginta
633 2206 722 2239 milia
744 2217 786 2239 ex
808 2206 890 2251 ipsis
912 2205 1121 2249 Palmyrenis
1144 2209 1179 2239 et
1200 2205 1284 2248 aliis,
1305 2210 1472 2249 quotquot
1494 2206 1558 2239 hac
1578 2205 1614 2239 in
1627 2216 1692 2239 ex-

243 2249 414 2296 peditione
431 2261 504 2284 cum
520 2250 567 2283 eis
582 2262 620 2285 se
636 2251 894 2295 coniunxerant,
917 2255 1027 2284 castra
1052 2256 1087 2284 et
1109 2250 1182 2295 ipse
1196 2250 1385 2285 metabatur
1399 2250 1561 2285 adversus
1574 2251 1692 2285 hostes

244 2307 319 2330 cum
345 2295 498 2341 equitatu
521 2295 709 2330 Dalmatico
733 2301 769 2330 et
790 2296 917 2330 Moesis
940 2300 975 2329 et
989 2296 1168 2330 Pannoniis
1194 2300 1228 2330 et
1244 2298 1421 2341 praeterea
1436 2296 1571 2330 Noricis
1586 2299 1692 2341 atque

242 2341 396 2385 Rhaetis,
411 2351 498 2386 quae
511 2341 663 2385 legiones
680 2341 828 2375 Celticae
843 2345 931 2376 sunt.
975 2346 1113 2387 praeter
1126 2342 1188 2375 hos
1203 2345 1298 2375 erant
1312 2344 1348 2374 et
1362 2341 1554 2385 praetoriae
1567 2341 1692 2375 cobor-

241 2386 284 2420 tis
301 2387 444 2421 omnium
458 2386 663 2420 §electissimi
681 2399 723 2420 ex
746 2388 834 2421 fama
856 2387 989 2420 virtutis
1006 2387 1213 2432 omniumque
1227 2386 1479 2431 splendidissimi
1493 2386 1570 2421 viri.
1615 2395 1690 2420 cum

243 2431 294 2465 his
311 2436 345 2466 et
359 2432 551 2466 Maurorum
566 2432 599 2465 in
615 2432 689 2466 acie
703 2432 883 2476 dispositus
897 2438 972 2466 erat
990 2433 1171 2477 equitatus,
1193 2434 1230 2465 et
1242 2443 1286 2466 ex
1301 2432 1382 2467 Asia
1397 2432 1514 2476 copiae
1526 2433 1690 2475 Tyaneu-

242 2487 299 2511 ses
315 2481 351 2511 et
364 2478 646 2523 Mesopotamicae
665 2482 699 2511 et
714 2478 839 2521 Syriae
853 2483 888 2511 et
902 2479 1089 2512 Phoenices
1111 2481 1146 2511 et
1157 2477 1380 2521 Palaestinae,
1403 2477 1574 2512 fortissimi
1586 2475 1690 2510 dubio

240 2523 360 2566 procul
386 2523 529 2557 ordines.
581 2529 617 2557 et
635 2523 695 2568 qui
720 2528 882 2557 venerant
903 2536 922 2557 e
942 2523 1146 2563 Palaestina,
1168 2528 1304 2568 praeter
1317 2532 1409 2556 arum
1423 2526 1550 2566 cetera,
1573 2521 1690 2555 clavas

241 2571 344 2612 atque
366 2568 472 2602 fustes
495 2579 605 2603 secum
625 2569 826 2603 afferebant.
883 2569 975 2612 (53)
1000 2568 1198 2603 exercitibus
1217 2568 1306 2602 inter
1320 2579 1358 2602 se
1373 2568 1573 2611 congressis,
1594 2566 1689 2600 vinus

242 2616 295 2645 est
310 2613 477 2657 equitatus
492 2615 661 2649 Romanus
677 2614 818 2659 quadam
833 2625 877 2648 ex
891 2618 988 2660 parte
1003 2614 1186 2648 deflectere
1197 2641 1207 2656 ‚
1229 2624 1272 2646 ne
1289 2613 1498 2647 multitudine
1511 2613 1690 2654 Palmyre-

240 2657 292 2690 nis
307 2659 474 2702 equitibus
489 2664 622 2694 nostros
636 2659 870 2705 superantibus
897 2671 938 2693 ac
963 2660 1058 2694 velut
1079 2658 1350 2703 obequitantibus
1370 2657 1562 2703 imprudens
1580 2657 1622 2690 ab
1637 2655 1690 2690 eis

241 2702 414 2737 Romanus
437 2706 603 2740 exercitus
629 2706 775 2750 undique
802 2705 1002 2750 cingeretur.
1064 2703 1275 2748 Palmyrenis
1298 2703 1403 2748 igitur
1435 2702 1602 2748 equitibus
1625 2701 1688 2735 hos

241 2750 527 2795 persequentibus,
549 2751 608 2797 qui
624 2751 742 2798 pedem
759 2755 859 2794 ‚retro
887 2751 1057 2796 tulerant,
1079 2753 1116 2786 et
1138 2750 1227 2784 bunc
1248 2749 1282 2784 in
1298 2749 1431 2784 modum
1452 2747 1588 2784 ordines
1607 2755 1702 2782 suos*
