1812 3016
281 98 376 148 194
904 98 1101 143 zosnm

278 218 390 269 μεθα
420 209 582 269 λόγους,
612 209 871 267 δηλώσομεν)
906 210 980 262 τὰς
1008 211 1049 254 ἓν
1079 211 1222 271 Λυκίᾳ
1248 212 1316 254 καὶ
1339 211 1573 270 Παμφυλία
1592 207 1725 262 πόλεις

280 281 482 339 ἐπόρθουν
490 313 502 333 ,
535 285 676 335 τειχῶν
696 281 769 335 μὲν
792 286 949 337 κρατεῖν
971 280 1018 322 οὗ
1041 278 1274 334 δυνάμενοι,
1303 277 1356 321 τὰ
1377 281 1420 322 δὲ
1440 281 1482 322 ἓν
1500 285 1585 329 τοῖς
1601 277 1725 321 ὗπαί-

277 355 398 406 θροις
431 348 590 392 ἅπαντα
620 347 914 405 διαρπάζοντες.
982 349 1064 391 ἐπεὶ
1096 348 1139 390 δὲ
1168 345 1189 390 ὅ
1219 346 1410 401 βασιλεὺς
1437 346 1495 390 ἴτι
1523 347 1628 390 κατὰ
1651 347 1724 403 τὴν

272 416 511 471 Ἀντιόχειαν
543 416 765 473 διατρίβων
790 416 967 459 ἔστελλεν
999 415 1064 458 ἐπ’
1093 414 1241 466 αὐτοὺς
1264 415 1489 472 ἀρκοῦσαν,
1524 414 1579 466 ὥς
1608 415 1721 473 ᾤετο,

279 484 450 539 δύναμιν
457 515 471 537 ,
505 485 543 526 οἳ
571 485 644 539 μὲν
667 485 846 541 ’Ἰσαυροι
875 484 979 539 μετὰ
1010 488 1082 538 τῆς
1107 485 1215 534 λείας
1238 482 1397 538 ἁπάσης
1421 486 1476 534 εἷς
1496 483 1548 526 τὰ
1570 482 1754 540 τραχύ-5

275 572 378 596 τατα
401 552 640 610 συνέφευγον
660 557 740 595 τῶν
760 553 887 609 ὀρῶν,
919 552 1008 595 οὔτε
1029 555 1168 603 διῶξαι
1193 556 1274 594 τῶν
1297 557 1553 609 στρατιωτῶν
1575 552 1633 594 δι’
1656 553 1723 594 ε’κ-

272 623 434 676 μέλειαν
455 622 685 675 δυναμένων
692 651 705 673 ,
735 620 825 663 οὔτε
847 620 978 670 ἄλλως
1004 620 1055 662 τὰ
1075 617 1288 674 συμβάντα
1304 625 1393 670 ταῖς
1413 618 1549 662 πόλεσι
1574 621 1722 662 δυστυ-

268 688 435 744 χήματα
455 693 719 745 θεραπεῦσαι.
765 687 918 731 τούτων
938 690 981 730 δὲ
1003 687 1127 730 ὄντων
1148 690 1189 730 ἓν
1207 686 1385 739 τούτοις,
1415 687 1543 745 φῦλόν
1559 705 1597 730 τι
1614 686 1722 751 βάρ-

272 763 403 814 βαρον
428 764 512 807 τοῖς
532 755 631 813 ὑπὲρ
653 756 722 798 τὸν
737 755 892 814 Ἴστρον
913 758 1132 806 Σκυθικοῖς
1155 756 1312 799 ἔθνεσιν
1334 754 1550 812 ἐπανέστη,
1578 754 1722 813 πρότε-

274 842 346 880 ρον
375 826 448 878 μέν
479 825 552 866 οὐκ
575 825 818 879 ἐγνωσμένον
826 857 839 876 ,
875 822 963 867 τότε
987 826 1030 866 δὲ
1050 825 1240 882 ἐξαίφνης
1260 824 1474 881 ἆναφανέν.
1544 823 1722 875 Οὕννους
1734 827 1778 862 10

272 894 317 935 δὲ
348 891 515 942 τούτους
547 890 736 943 ἐκάλουν,
771 892 847 934 εἴτε
879 894 1109 945 βασιλείους
1141 892 1287 942 αὐτοὺς
1308 891 1513 946 ὀνομάζειν
1533 890 1724 949 προσήκει

271 959 463 1011 Σκύθας,
498 960 580 1002 εἶ’το
606 959 677 1010 οὓς
699 958 923 1016 ζΗρόδοτός
954 977 1054 1017 φησι
1081 966 1285 1017 παροικεῖν
1310 959 1381 1002 τὸν
1401 960 1559 1016 Ἴστρον
1581 960 1724 1014 σιμοὺς

273 1031 340 1070 καὶ
377 1028 574 1078 ἀσθενέας
606 1027 871 1085 ἀνθρώπους,
907 1027 982 1070 εἴτε
1013 1029 1056 1070 ἐκ
1086 1033 1159 1082 τῆς
1179 1028 1316 1078 Ἀσίας
1346 1030 1402 1078 εἷς
1427 1028 1500 1083 τὴν
1523 1026 1723 1084 Εὐρώπην

273 1098 490 1151 διέβησαν·
523 1098 591 1138 καὶ
621 1100 739 1138 τοῦτο
769 1096 848 1153 γὰρ
874 1090 990 1152 εὗρον
1014 1096 1293 1152 ἱστορημένον,
1328 1093 1384 1145 ὥς
1401 1096 1445 1138 ἐκ
1462 1099 1533 1150 τῆς
1552 1093 1629 1138 ὗπό
1649 1100 1723 1138 τοῦ

274 1163 478 1214 Τανάϊδος
507 1165 835 1221 καταφερομένης
852 1162 961 1215 ἰλύος
980 1162 1001 1206 ὅ
1023 1165 1247 1222 Κιμμέριος
1272 1164 1542 1219 ἄπογαιωθεὶς
1557 1162 1721 1207 Βόσπο-
1734 1168 1776 1204 15

273 1250 344 1289 ρος
372 1233 560 1274 ἐνέδωκεν
590 1232 726 1282 αὐτοῖς
754 1233 797 1274 ἐκ
822 1237 894 1287 τῆς
909 1233 1045 1282 Ἀσίας
1066 1234 1128 1274 ἐπὶ
1150 1232 1223 1286 τὴν
1241 1230 1441 1288 Εὐρώπην
1458 1233 1555 1288 πεζῇ
1576 1234 1722 1287 διαβῆ-

269 1318 350 1341 ναι.
418 1298 688 1355 παρελθόντες
710 1301 753 1341 δὲ
777 1297 887 1353 ὅμως
909 1307 992 1349 τοῖς
1009 1302 1147 1350 ἵπποις
1169 1301 1235 1341 καὶ
1255 1302 1407 1355 γυναιξὶ
1428 1301 1494 1341 καὶ
1518 1301 1632 1342 παισὶ
1653 1302 1722 1342 καὶ

270 1365 332 1417 οἷς
351 1367 603 1423 ἐπεφέροντο,
638 1373 721 1416 τοῖς
740 1365 840 1421 ὑπὲρ
859 1367 1406 1424 τὸνἾστρον’κατῳκημένοις
1424 1365 1595 1423 ἐπῄεσαν
1611 1365 1720 1409 Σκύ-

268 1438 388 1486 θαις,
421 1433 556 1488 μάχην
577 1435 651 1488 μὲν
671 1437 839 1477 σταδίαν
853 1434 943 1477 οὔτε
963 1434 1174 1489 δυνάμενοι
1188 1435 1233 1477 τὸ
1251 1434 1444 1492 παράπαν
1465 1435 1555 1478 οὔτε
1574 1434 1721 1486 εἰδότες

269 1504 479 1558 ἐπαγαγεῖν
514 1504 627 1556 (πῶς
659 1501 737 1558 γὰρ
771 1503 809 1544 οἱ
840 1500 940 1556 μήτε
973 1505 1029 1553 εἷς
1059 1507 1133 1558 γῆν
1167 1506 1290 1557 πῆξαι
1314 1503 1409 1553 τοὺς
1428 1500 1558 1553 πόδας
1579 1501 1775 1547 οἷοίτεὲο

268 1569 378 1620 ὄντες
407 1568 597 1627 ἕδραίως,
632 1570 727 1612 ἀλλ’
765 1570 828 1612 ἐπὶ
864 1574 944 1612 τῶν
960 1571 1095 1612 ’ἵππων
1116 1573 1184 1612 καὶ
1204 1569 1455 1624 διαιτώμενοι
1479 1573 1545 1612 καὶ
1565 1569 1719 1613 καθεύ-

269 1637 452 1691 δοντες),
487 1636 737 1693 περιελάσεσι
762 1639 806 1681 δὲ
832 1640 898 1680 καὶ
922 1639 1136 1695 ἐκδρομαῖς
1157 1641 1223 1680 καὶ
1243 1639 1441 1695 εὐκαίροις
1460 1637 1718 1695 ἀναχωρήσε-

267 1722 352 1758 σιν,
382 1707 425 1747 έκ
447 1710 527 1748 τῶν
543 1708 679 1750 ἵππων
699 1705 1051 1759 κατατοξεύοντες,
1086 1706 1249 1764 ἄπειρον
1278 1711 1358 1749 τῶν
1383 1709 1559 1749 Σκυθῶν
1584 1706 1718 1764 εἰργά-

356 1825 402 1859 20
422 1819 543 1868 μηδὲῖ

265 1922 397 1968 Lyciae
425 1923 713 1970 Pamphyliaeque
741 1926 942 1968 vastabant,
966 1936 1039 1960 cum
1062 1924 1233 1960 moenibus
1258 1921 1359 1969 potiri
1387 1934 1452 1958 non
1476 1928 1634 1970 possent,
1653 1926 1716 1960 sed

264 1969 374 2002 omnia
390 1970 453 2002 sub
469 1969 524 2002 dio
539 1971 605 2003 sita
621 1970 816 2015 diriperent.
862 1971 1065 2015 imperatore
1089 1983 1189 2012 vero,
1217 1971 1274 2015 qui
1297 1970 1405 2003 adhuc
1419 1971 1582 2004 haerebat
1595 1971 1717 2005 Antio-

265 2013 381 2054 chiae,
405 2015 487 2047 satis
512 2025 667 2058 magnas,
691 2021 730 2049 ut
751 2016 827 2061 ipse
849 2018 1010 2061 putabat,
1033 2017 1066 2050 in
1091 2027 1149 2050 eos
1174 2016 1324 2049 mittente
1350 2015 1485 2067 copias,
1508 2016 1616 2049 Isauri
1640 2029 1716 2051 eum

263 2058 424 2092 universa
445 2059 570 2103 praeda
592 2060 626 2093 in
648 2066 778 2094 montes
805 2062 1005 2106 asperrimos
1030 2061 1285 2104 confugiebant,
1309 2060 1466 2093 militibus
1481 2061 1525 2094 ob
1541 2062 1716 2105 segnitiem

263 2114 328 2138 nec
343 2103 499 2148 persequi
515 2116 574 2137 eos
590 2105 793 2149 valentibus,
818 2118 880 2139 nec
895 2107 960 2140 alia
975 2107 1106 2140 ratione
1118 2106 1252 2140 casibus
1266 2105 1461 2150 oppidorum
1476 2106 1628 2140 adversis
1642 2119 1715 2140 me·

262 2148 350 2184 deri.
396 2158 470 2182 cum
485 2149 570 2183 haec
586 2150 628 2183 ab
642 2150 707 2184 illis
722 2152 770 2184 ita
785 2158 1002 2195 gererentur,
1026 2153 1118 2185 natio
1133 2151 1291 2196 quaedam
1309 2152 1453 2185 barbara
1466 2151 1716 2186 transistrianas

263 2198 384 2238 gentes
409 2194 589 2236 Scythicas
613 2199 666 2228 est
689 2197 830 2237 adorta,
862 2197 955 2241 prius
978 2197 1036 2231 illa
1059 2197 1191 2242 quidem
1215 2196 1406 2238 incognita,
1429 2197 1488 2230 sed
1505 2209 1593 2241 quae
1604 2197 1713 2231 subito

263 2244 334 2273 tum
360 2239 522 2283 temporis
550 2240 696 2274 emersit.
744 2253 802 2274 eos
826 2243 1044 2286 appellabant
1070 2246 1229 2282 Hunnos‚
1252 2241 1324 2274 sive
1349 2241 1435 2274 adeo
1463 2242 1547 2285 regii
1563 2243 1714 2285 Scythae

264 2284 478 2330 nuncupandi
500 2288 595 2326 sunt,
618 2284 692 2318 sive
707 2297 791 2329 quos
807 2286 855 2319 ait
873 2287 1067 2321 Herodotus
1083 2287 1163 2320 Istri
1178 2286 1311 2320 accolas
1327 2297 1423 2328 esse,
1448 2287 1595 2320 homines
1612 2287 1713 2321 simos

262 2335 299 2363 et
313 2329 481 2372 imbelles,
503 2327 575 2363 sive
591 2329 734 2374 denique
750 2332 783 2364 in
799 2331 973 2376 Europam
992 2345 1033 2366 ex
1049 2333 1129 2366 Asia
1144 2331 1362 2365 transiecere.
1408 2343 1481 2365 nam
1511 2338 1546 2365 et
1561 2333 1624 2365 hoc
1641 2344 1712 2366 me·

259 2375 387 2408 moriae
402 2372 567 2419 proditum
582 2374 616 2407 in
633 2375 781 2409 historiis
797 2377 953 2420 repperi,
977 2389 997 2411 e
1012 2378 1109 2418 limo,
1133 2388 1231 2421 quem
1245 2376 1371 2409 Tanais
1387 2376 1543 2419 devehit,
1567 2377 1712 2411 Cimme—

261 2420 346 2454 rium
373 2420 560 2465 Bosporum
585 2419 628 2452 ad
651 2425 762 2454 terrae
777 2421 915 2454 formam
933 2423 1104 2456 redactum
1122 2422 1314 2456 facultatem
1331 2421 1379 2454 eis
1392 2422 1589 2466 praebuisse
1602 2426 1711 2456 terre—

261 2465 325 2499 stri
349 2478 392 2500 ex
414 2464 496 2499 Asia
517 2465 551 2498 in
569 2465 739 2510 Europam
759 2465 880 2499 itinere
894 2467 1099 2501 transeundi.
1145 2471 1221 2500 utut
1236 2478 1312 2509 sese
1327 2478 1383 2500 res
1398 2467 1543 2512 babeat,
1566 2468 1712 2511 profecti

260 2521 335 2544 cum
353 2509 447 2555 equis
461 2515 497 2543 et
511 2510 670 2545 uxoribus
685 2516 721 2544 et
735 2510 848 2544 liberis
864 2516 899 2544 et
913 2511 954 2545 iis
971 2511 1071 2545 rebus
1087 2523 1168 2556 quas
1184 2523 1296 2545 secum
1312 2512 1494 2556 vehebant,
1518 2512 1711 2546 habitantes

218 2572 231 2579 κ
258 2566 361 2600 super
384 2556 506 2589 Istrum
532 2556 680 2600 Scythas
703 2555 910 2589 invaserunt.
956 2567 998 2589 ac
1015 2557 1156 2591 stataria
1170 2557 1302 2601 quidem
1316 2567 1430 2600 pugna
1445 2568 1584 2602 prorsus
1598 2569 1710 2601 neque

258 2605 420 2644 poterant
441 2612 550 2645 neque
574 2606 695 2635 norant
714 2602 843 2635 hostem
873 2602 1013 2645 aggredi
1038 2604 1129 2646 (quo
1151 2601 1236 2635 enim
1251 2601 1284 2634 id
1305 2602 1434 2646 pacto?
1457 2602 1514 2646 qui
1528 2613 1571 2635 ne
1584 2602 1618 2635 in
1635 2607 1710 2636 ter—

257 2656 328 2678 ram
353 2645 486 2690 quidem
511 2646 653 2680 firmiter
674 2646 780 2692 pedes
801 2646 952 2690 defigere
966 2651 1142 2691 poterant,
1166 2646 1273 2680 sedin
1291 2645 1387 2691 equis
1403 2651 1438 2680 et
1453 2647 1640 2681 haerebant
1654 2647 1707 2680 in-

254 2690 367 2723 terdiu
393 2695 429 2725 et
456 2695 605 2726 somnum
630 2692 834 2736 capiebant)
856 2692 915 2725 sed
939 2691 1062 2736 partim
1088 2691 1394 2736 circumequitando
1408 2716 1419 2733 ,
1442 2693 1565 2736 partim
1584 2703 1707 2726 excur-

255 2735 382 2780 rendo,
415 2736 537 2781 partim
568 2742 756 2785 opportune
778 2737 1021 2773 retrocedendo
1047 2741 1083 2773 et
1107 2749 1150 2772 ex
1173 2737 1269 2783 equis
1290 2737 1484 2781 iaculando,
1517 2736 1706 2773 immensam

1803 2743 1812 2775 i

1805 2778 1812 2829 l
