1812 3016
265 98 365 150 266
700 123 705 127 ·
804 124 807 129 -
894 88 1090 149 z'osnm

265 220 339 261 δου
369 217 438 260 διὰ
463 210 536 272 τῆς
561 215 820 276 ὃμαλωτέρας
852 217 950 261 ὃδοῦ
970 219 1072 273 μετὰ
1092 223 1172 262 τῶν
1189 219 1263 262 σὺν
1282 218 1390 278 aba?
1407 218 1632 278 βαρβάρων
1651 222 1714 267 ἐπὶ

264 288 315 329 τὰ
338 285 446 329 κάτω
465 287 568 343 μέρη
587 291 659 341 τῆς
676 289 929 343 Παμφυλίας
950 287 1186 338 ἐλάσαντος,
1230 286 1421 339 ἐλθόντος
1436 306 1480 331 τε
1497 289 1553 332 ἔτι
1574 291 1716 340 νυκτὸς

267 354 389 409 οὔσης
412 357 467 404 εἷς
487 355 580 405 τοὺς
597 353 879 409 ὑποκειμένους
901 360 950 413 τῇ
971 357 1100 412 Σέλγῃ
1118 352 1291 406 τόπους,
1307 355 1521 410 ἐβάλλοντο
1541 357 1714 415 σφενδό-

265 442 352 473 ναις
371 423 408 464 οῗ
425 421 631 480 βάρβαροι
653 425 876 478 συνεχέσιν,
911 425 1134 481 ἀφιεμένων
1161 429 1316 481 πετρῶν
1340 424 1625 481 χειροπλήθων
1647 428 1714 467 καὶ

267 491 322 534 ἔτι
341 489 551 545 μειζόνων·
585 486 634 546 ἦν
655 493 732 549 γὰρ
757 494 797 542 ἐξ
816 490 1056 548 ὗπερδεξίων
1078 491 1198 551 ῥᾳδία
1226 494 1293 535 καὶ
1322 490 1348 547 ἦ
1374 496 1454 535 τῶν
1487 491 1746 550 ἀδροτέρωνὸ

266 559 410 616 ἄφεσις
427 561 566 601 λίθων.
636 560 848 617 ἀποφυγῆς
875 561 919 602 δὲ
945 560 1018 603 οὐκ
1045 560 1168 614 οὔσης
1189 586 1240 594 —-
1260 555 1309 614 ἦν
1336 561 1413 618 γὰρ
1441 562 1543 603 κατὰ
1572 562 1646 615 μὲν
1666 562 1712 604 τὸ

266 629 399 684 ἕτερον
431 632 503 682 τῆς
529 625 627 670 ὄδοῦ
656 629 779 685 με’ρος
810 630 925 682 λίμνη
952 632 1106 682 βαθεῖα
1138 629 1204 670 καὶ
1231 630 1430 683 τέλματα,
1474 629 1578 671 κατὰ
1601 629 1712 672 δὲτὸ

265 697 398 752 ἕτερον
424 695 569 746 ἄνοδος
596 696 735 750 στενή,
790 699 902 738 δυοῖν
926 695 1044 751 μόλις
1070 695 1240 753 ἀνδράσι
1272 696 1452 753 πάροδον
1480 698 1714 740 ἐνδιδοῦσα*

263 766 474 818 κυκλοειδῆ
495 764 630 818 δὲτὴν
651 763 795 807 ἄνοδον
819 759 943 808 οὖσαν
962 765 999 807 οἶ
1024 764 1227 820 ἐπιχώριοι
1253 769 1420 808 καλοῦσι
1446 766 1629 819 κοχλίαν,
1663 770 1714 822 τῇ

260 833 375 874 θέσει
396 836 468 875 τοῦ
493 830 594 890 ζῴου
618 837 901 890 παρεμφεριῦς.’
966 837 1107 875 τοῦτον
1137 832 1332 889 ἐφύλαττε
1360 834 1432 876 τὸν
1447 832 1570 878 τόπον
1592 835 1713 875 Φλω-
1726 839 1770 874 10

262 898 414 956 ρέντιός
437 917 518 950 τις,
564 900 800 954 συμμάχους
834 900 934 954 ἔχων
960 903 1014 951 εἷς
1040 901 1085 945 τὸ
1117 905 1294 945 κωλῦσαι
1322 901 1416 951 τοὺς
1447 902 1716 958 πειρωμένους

262 969 481 1021 διαβαίνειν
516 967 750 1024 ἀρκοῦντας.
819 970 861 1011 ἓν
891 967 1047 1018 τούτοις
1082 968 1366 1024 ἀπειλημμένοι
1400 975 1484 1018 τοϊς
1510 968 1648 1020 τόποις
1675 969 1715 1011 οἱ

260 1035 468 1092 βάρβαροι
499 1038 565 1081 καὶ
594 1041 650 1094 τῷ
668 1036 817 1093 πλήθει
837 1038 904 1078 καὶ
926 1037 1089 1092 μεγέθει
1108 1041 1186 1079 τῶν
1207 1039 1335 1081 λίθων
1350 1036 1590 1092 βαλλόμενοι
1611 1035 1714 1080 κατὰ

259 1105 305 1145 τὸ
330 1105 433 1146 πολὺ
455 1105 731 1161 διεφθείροντο
752 1106 895 1161 μέρος·
939 1106 1041 1147 κατὰ
1073 1106 1447 1162 στενοχωρουμένων
1477 1105 1556 1162 γὰρ
1583 1105 1715 1148 αῧτιῒιν

260 1172 298 1213 οἱ
319 1174 428 1214 λίθοι
448 1174 655 1224 πίπτοντες
674 1174 721 1216 οὗ
740 1171 1014 1229 διημάρτανον
1036 1172 1175 1230 φόνου.
1232 1177 1382 1227 πολλῆς
1398 1175 1531 1215 τοίνυν
1546 1172 1714 1228 ἐχούσης
1724 1180 1769 1214 15

261 1239 410 1290 αὖτοὺς
429 1241 622 1297 ἀπορίας,
664 1242 702 1284 οἱ
728 1243 801 1295 μὲν
829 1244 988 1291 πλείους
1009 1244 1063 1292 εἷς
1083 1241 1153 1295 τὴν
1171 1242 1312 1295 λίμνην
1332 1240 1499 1291 ἑαυτοὺς
1515 1242 1617 1295 μετὰ
1635 1246 1714 1283 τῶν

257 1311 391 1349 ἵππων
413 1308 598 1365 ἀφῆκαν,
634 1311 701 1350 καὶ
728 1309 798 1352 τὸν
826 1309 904 1353 ἀπὸ
932 1314 1011 1351 τῶν
1045 1313 1199 1366 πετρῶν
1229 1308 1441 1365 φεύγοντες
1464 1308 1646 1351 θάνατον
1672 1311 1714 1351 ἓν

258 1383 342 1424 τοῖς
364 1378 530 1430 τέλμασι
552 1376 859 1434 διεφθάρησαν,
898 1378 1157 1433 Τριβίγιλδος
1179 1378 1223 1418 δὲ
1244 1377 1330 1430 ἅμα
1351 1379 1595 1433 τριακοσίοις
1614 1377 1713 1418 ἀνα-

257 1444 339 1499 βὰς
359 1445 422 1484 ἐπὶ
443 1445 510 1486 τὸν
529 1446 714 1498 κοχλίαν,
763 1446 830 1486 καὶ
846 1444 1053 1501 χρήμασιν
1071 1445 1131 1489 ὅτι
1151 1446 1348 1494 πλείστοις
1369 1445 1438 1487 τὸν
1461 1446 1712 1501 Φλωρέντιον

258 1513 325 1553 καὶ
348 1512 441 1561 τοὺς
461 1512 535 1554 σὺν
555 1512 664 1571 αὐτῷ
685 1511 871 1570 φύλακας
889 1511 1101 1563 ὑπελθών,
1137 1512 1292 1554 ὠνεῖται
1312 1513 1385 1566 τὴν
1406 1511 1608 1568 πάροδον
1644 1514 1770 1556 naim

257 1578 386 1636 τούτῳ
410 1584 465 1636 τῷ
486 1579 621 1638 τρόπῳ
644 1581 852 1639 διαφυγών
870 1582 966 1634 τοὺς
986 1581 1151 1634 λοιποὺς
1171 1580 1351 1635 ἅπαντας
1370 1582 1562 1639 περιεῖδεν
1582 1579 1712 1638 ἄρδην

256 1647 565 1702 ἀπολουμένους.
1706 1662 1708 1665 ’

352 1798 396 1835 14
415 1796 857 1843 καταστενοχωρουμένων
880 1798 994 1843 vulgo.

259 1929 356 1973 (16)
382 1933 600 1974 posteaquam
615 1931 830 1976 Tribigildus
851 1932 983 1981 itinere.
998 1931 1105 1976 magis
1127 1932 1227 1977 plano
1251 1932 1292 1966 ad
1314 1931 1477 1966 inferiora
1491 1931 1712 1977 Pamphyliae

257 1975 333 2008 loca
357 1986 431 2008 oum
451 1976 603 2010 barbaris
622 1977 689 2009 suis
713 1977 941 2021 adequitasset
957 1989 997 2011 ac
1014 1984 1116 2011 noctu
1132 1978 1175 2012 ad
1191 1978 1344 2012 subiecta
1357 1977 1480 2022 Selgae
1494 1978 1571 2011 loca
1584 1989 1710 2022 perve-

256 2020 376 2062 nisset,
399 2020 563 2055 continuis
577 2021 712 2056 barbari
727 2023 904 2057 fundarum
920 2023 1042 2057 ictibus
1057 2024 1270 2068 petebantur,
1293 2023 1442 2056 excussis
1455 2023 1526 2057 eius
1543 2022 1710 2067 magnitu-

257 2065 342 2099 dinis
358 2065 521 2109 lapidibus
539 2066 594 2110 qui
611 2077 726 2100 manus
740 2067 932 2113 implerent,
954 2074 1057 2113 atque
1073 2069 1171 2102 etiam
1187 2068 1375 2102 maioribus.
1421 2068 1548 2114 quippe
1564 2068 1608 2101 de
1623 2067 1709 2102 locis

256 2110 483 2154 superioribus
510 2112 609 2146 etiam
634 2112 781 2156 lapidum
807 2114 908 2157 paulo
934 2114 1095 2148 maiorum
1114 2114 1223 2148 iactus
1248 2113 1356 2146 facilis
1374 2118 1460 2148 erat.
1507 2125 1581 2147 cum
1596 2118 1709 2147 autom

255 2155 380 2191 nullum
397 2161 488 2189 esset
504 2157 663 2199 effugium
678 2159 770 2200 (nam
788 2170 830 2191 ex
846 2159 955 2192 altera
969 2159 1046 2192 viae
1063 2164 1159 2203 parte
1173 2165 1327 2202 stagnum
1342 2159 1544 2202 profundum
1562 2163 1597 2192 et
1609 2159 1708 2205 palu-

255 2201 315 2234 des
331 2206 446 2243 erant,
483 2213 527 2234 ex
543 2202 650 2235 altera
666 2203 800 2246 quidem
814 2209 907 2237 artus
927 2205 1109 2238 adscensus
1121 2229 1131 2245 ‚
1155 2204 1212 2248 qui
1227 2204 1384 2237 transitus
1405 2204 1460 2237 vix
1477 2204 1607 2237 duobus
1626 2203 1708 2238 viris

281 2246 459 2287 raebebat3
483 2247 678 2281 adscensum
696 2249 801 2290 hunc,
825 2249 882 2293 qui
900 2255 974 2283 erat
989 2249 1185 2283 orbicularis
1197 2275 1208 2290 ‚
1237 2250 1281 2283 ub
1297 2249 1541 2283 similitudinem
1557 2249 1708 2283 animalis

255 2292 385 2325 incolae
401 2292 567 2325 cochleam
583 2297 730 2334 vocant3
764 2294 851 2327 bunc
870 2306 953 2328 vero
978 2295 1084 2328 locum
1102 2294 1290 2330 Florentius
1305 2294 1438 2347 quidam
1455 2306 1528 2329 cum
1543 2294 1708 2339 praesidio

257 2338 409 2379 tenebat,
433 2348 508 2371 cum
523 2342 575 2371 tot
590 2337 725 2370 militiae
742 2339 852 2373 socios
868 2351 979 2373 secum
995 2341 1148 2382 haberet,
1171 2345 1254 2384 quot
1272 2339 1403 2384 quidem
1419 2340 1460 2373 ad
1476 2339 1709 2386 impediendos

257 2394 317 2416 eos
332 2382 390 2426 qui
404 2383 548 2416 transire
564 2388 766 2417 conarentur
781 2385 996 2429 sufficerent)
1012 2386 1190 2430 intercepti
1210 2385 1302 2418 hisce
1317 2385 1400 2419 locis
1414 2385 1573 2430 barbari,
1597 2390 1632 2418 et
1649 2396 1707 2418 co-

257 2428 313 2472 pia
336 2428 629 2472 magnitudineque
655 2440 808 2462 saxorum
835 2431 965 2472 obruti,
993 2431 1108 2464 maiori
1129 2442 1170 2463 ex
1196 2435 1292 2474 parte
1314 2430 1480 2475 peribant.
1526 2441 1601 2464 nam
1616 2429 1707 2474 quod

256 2474 290 2506 in
307 2478 483 2516 angustum
499 2478 710 2518 cogerentur,
730 2474 923 2508 decidentes
937 2476 971 2508 in
987 2487 1045 2509 eos
1061 2475 1190 2520 lapides
1203 2476 1362 2509 aberrare
1376 2487 1441 2509 non
1456 2479 1612 2520 poterant
1626 2475 1708 2520 quin

258 2519 389 2564 aliquos
405 2519 607 2552 occiderent.
650 2519 764 2564 itaque
779 2521 905 2553 consilii
920 2521 1137 2555 vehementer
1154 2521 1270 2564 inopes
1285 2521 1318 2553 in
1335 2526 1490 2565 stagnum
1503 2531 1542 2554 se
1556 2520 1707 2564 complu-

258 2575 314 2597 res
330 2575 395 2597 una
411 2575 485 2597 cum
502 2565 594 2608 equis
607 2564 828 2606 demiserunt3
853 2565 998 2610 dumque
1016 2571 1153 2599 mortem
1169 2565 1287 2610 vitant,
1311 2577 1397 2610 quae
1412 2577 1432 2599 a
1449 2566 1540 2599 saxis
1553 2565 1705 2599 immine—

256 2614 329 2650 ret,
364 2609 398 2642 in
413 2610 590 2654 paludibus
606 2610 761 2644 exstincti
775 2614 863 2646 sunt.
911 2611 1119 2653 Tribigildus
1134 2615 1243 2645 autem
1261 2622 1334 2644 cum
1350 2611 1508 2645 trecentis
1523 2621 1707 2644 conscensa

256 2654 396 2687 cochlea
407 2679 418 2695 ,
439 2655 648 2700 maximaque
662 2655 804 2700 pecunia
819 2660 981 2699 corrupto
999 2656 1190 2698 Florentio,
1215 2666 1288 2689 cum
1304 2656 1463 2690 militibus
1478 2655 1708 2700 praesidiariis

255 2699 432 2731 transitum
449 2701 598 2744 redimit3
620 2712 730 2746 eoque
743 2701 842 2735 modo
858 2711 933 2735 cum
949 2701 1123 2745 evasisset,
1145 2700 1293 2746 reliquos
1309 2712 1423 2736 omnes
1436 2701 1588 2736 funditus
1602 2699 1707 2736 deleri

255 2754 374 2788 passus
392 2749 455 2780 est.
1532 2766 1536 2768 ·
1558 2787 1561 2790 Α
