1812 3016
261 67 355 115 166
886 70 1083 116 ZOSIMI

65 186 234 226 Iovianus.
258 184 325 224 καὶ
349 178 481 241 ψήφῳ
513 185 627 240 κοινῇ
650 182 841 237 βασιλεὺς
863 183 1058 240 Ἰοβιανὸς
1083 183 1390 238 ἀναδείκνυται,
1414 189 1705 258 Βαρρωνιανοῦ

257 255 330 294 τοῦ
351 255 431 294 τῶν
453 253 694 310 ὃομεστίκων
715 250 933 307 ἡγουμένου
953 252 1156 309 τάγματος
1173 259 1282 303 παῖς.

394 319 462 360 Τὰ
490 320 563 373 μὲν
592 314 662 361 οὖν
693 319 786 377 ἄχρι
814 325 886 376 τῆς
909 322 1130 364 Ἰουλιανοῦ
1150 326 1333 376 τελευτῆς
1348 319 1462 364 τόνδε
1481 321 1702 378 πέπρακται

257 387 328 430 τὸν
361 385 529 443 τρόπον,
559 387 753 441 Ἰοβιανὸς
781 390 824 431 δὲ
855 389 928 444 τὴν
959 388 1178 446 ἁλουργίδα
1206 390 1322 440 ἐνδὺς
1349 391 1417 432 καὶ
1443 389 1491 432 τὸ
1523 389 1702 445 διάδημα

255 454 516 511 περιθέμενος
542 454 665 509 εἴχετο
692 460 765 510 τῆς
791 458 854 498 ἐπὶ
880 456 975 500 τάδε
1006 459 1181 515 πορείας.
1249 458 1331 500 ἐπεὶ
1353 459 1397 500 δὲ
1417 459 1473 507 εἷς
1497 460 1638 512 Σοῦμα
1656 458 1735 503 τὸ5

257 520 454 578 φρούριον
481 517 628 577 ἦλθεν,
664 524 905 568 ἐπιπεσοῦσα
929 524 955 580 ἡ
980 529 1155 582 Περσῶν
1174 526 1298 576 ἰ’ππος
1325 533 1410 576 τοῖς
1433 525 1541 582 ἀμφ’
1566 524 1703 578 αὐτόν,

256 588 477 646 ἐλέφαντάς
497 608 538 633 τε
559 591 631 632 οὐκ
655 591 811 647 ὀλίγους
829 594 1108 650 ἐπαγαγοῦσα,
1136 593 1230 643 τοὺς
1247 594 1351 636 κατὰ
1370 594 1416 637 τὸ
1437 593 1566 644 δεξιὸν
1584 594 1704 651 κέρας

256 656 437 700 ἐκάκουν.
464 657 676 712 ἐτετάχατο
695 661 739 702 δὲ
756 662 798 703 ἒν
815 661 943 720 τούτῳ
955 662 1139 716 Ἰοβιανοὶ
1159 663 1226 704 καὶ
1234 660 1521 718 Ἑρκουλιανοί.
1545 660 1703 717 ταγμά-

254 743 335 767 των
361 727 405 767 δὲ
423 731 551 768 ταῦτα
572 725 752 781 ὀνόματα
759 761 773 781 ,
807 730 919 785 παρὰ
941 731 1235 785 Διοκλητιανοῦ
1255 732 1322 772 καὶ
1340 733 1608 784 Μαξιμιανοῦ
1627 747 1703 772 κα·-

254 792 471 845 ταστάντα,
507 793 710 851 φερόντων
727 797 800 847 τὰς
814 796 966 840 τούτων
984 799 1229 852 ἐπωνυμίας·
1265 796 1286 840 ὃ
1304 799 1377 852 μὲν
1399 798 1475 854 γὰρ
1497 798 1600 848 Διὸς
1617 796 1638 840 ὅ
1660 797 1704 840 δὲ
1714 810 1759 846 10

249 859 498 916 ἸΙρακλέους
518 861 724 916 ἐπώνυμον
748 863 837 918 εἶχε.
904 866 949 908 τὸ
968 867 1041 919 μὲν
1062 860 1133 907 οὖν
1153 870 1310 923 πρῶτον
1329 864 1408 908 ὑπὸ
1428 871 1501 922 τῆς
1520 870 1598 910 τῶν
1617 865 1704 908 ἐλε-

256 927 418 984 φάντων
438 929 563 983 ἀλκῆς
581 930 782 983 ἐβιάζοντο
791 964 805 983 ,
836 934 903 974 καὶ
924 935 1063 975 πολλοὶ
1086 932 1297 990 φεύγοντες
1314 933 1465 976 ἔπεσον.
1534 935 1703 977 ἐπελαυ-

236 994 402 1055 ,νόντων
424 998 467 1038 de?
487 997 622 1047 αὐτοῖς
644 1003 724 1041 τῶν
742 1002 917 1057 Περσῶν
937 1001 1038 1058 πρὸς
1065 1005 1116 1058 τῇ
1138 1003 1248 1058 ἵππῳ
1270 1003 1336 1043 καὶ
1357 1002 1452 1052 τοὺς
1472 1002 1703 1059 ἐλέφαντας,

253 1058 386 1117 ἦλθον
415 1064 471 1114 εἴς
495 1082 532 1107 τι
552 1068 703 1123 χωρίον
728 1067 911 1120 ἄναντες,
948 1070 988 1110 ἓν
1009 1063 1043 1127 ᾧ
1063 1069 1157 1118 τοὺς
1177 1074 1257 1111 τῶν
1272 1067 1479 1124 Ῥωμαίων
1505 1068 1703 1126 σκευοφό-

255 1148 352 1187 ρους
374 1131 508 1186 ἕτυχεν
530 1131 641 1176 εἶναι.
707 1134 860 1179 τούτων
884 1137 928 1179 δὲ
953 1135 1296 1191 συνεπιλαβόντων
1315 1138 1451 1188 αὐτοῖς
1471 1142 1545 1180 τοῦ
1566 1136 1704 1180 κινδύ-
1714 1151 1757 1186 15

255 1217 326 1241 νου
358 1202 427 1242 καὶ
458 1203 500 1251 ἐξ
527 1199 758 1258 ὑπερδεξίου
793 1205 889 1255 τοὺς
917 1206 1083 1261 Πέρσας
1115 1204 1421 1257 ἀκοντιζόντων,
1464 1203 1702 1262 ἐτρώθησάν

253 1284 357 1316 τινες
388 1273 468 1309 τῶν
502 1269 751 1325 ἐλεφάντων,
786 1275 852 1313 καὶ
880 1267 980 1328 ᾗπερ
1003 1267 1053 1327 ἦν
1074 1272 1170 1322 ἔθος
1191 1273 1326 1323 αὐτοῖς
1334 1305 1347 1324 ,
1382 1273 1528 1330 ἔφυγον
1547 1272 1702 1316 ὀδυνώ-

254 1351 366 1387 μενοι
385 1335 487 1388 μετά
506 1340 753 1392 βρυχηθμοῦ
773 1341 839 1380 καὶ
860 1340 932 1394 τὴν
948 1342 1071 1381 ἵππον
1091 1339 1253 1383 ἅπασαν
1273 1339 1566 1397 συνετάραξαν,
1601 1339 1702 1384 ὥστε

254 1406 306 1457 τῇ
337 1408 444 1458 φυγῇ
474 1406 540 1444 καὶ
577 1406 794 1462 ἐλέφαντας
824 1406 901 1449 ὕπὸ
925 1412 1006 1450 τῶν
1028 1412 1283 1465 στρατιωτῶν
1305 1413 1613 1465 κατασφαγῆναι
1634 1411 1702 1451 καὶ

254 1470 428 1520 πολλοὺς
461 1472 638 1528 ἔν1αὗτῇ
667 1478 718 1530 τῇ
745 1473 857 1531 μάχῃ
888 1482 1032 1531 πεσεῖν.
1101 1476 1305 1518 ἀπέθανον
1338 1477 1382 1518 δὲ
1410 1479 1476 1519 καὶ
1493 1474 1756 1530 ‘Pwpcae'wvzo

252 1543 358 1591 τρεῖς
379 1541 542 1593 λοχαγοὶ
565 1543 753 1595 γενναίως
778 1542 1086 1598 ἀγωνισάμενοι,
1115 1543 1331 1594 Ἰουλιανὸς
1349 1546 1417 1586 καὶ
1438 1545 1702 1598 Μαξιμιανὸς

252 1606 319 1648 καὶ
338 1605 595 1662 Μακρόβιος.
664 1609 961 1667 διερευνώμενοι
979 1612 1022 1653 δὲ
1044 1611 1137 1661 τούς
1154 1612 1366 1666 κειμένους,
1401 1614 1468 1671 καὶ
1485 1614 1526 1658 ἒν
1544 1610 1700 1665 τούτοις

343 1756 366 1793 5
388 1756 558 1793 Ammiano
580 1760 730 1797 Sumere.
867 1762 911 1799 21
933 1761 1107 1799 Ammiano
1129 1762 1314 1800 Maximus.

251 1891 381 1927 derent.
426 1891 571 1938 ideoque
594 1896 758 1942 suffragio
783 1899 946 1933 communi
965 1899 1120 1934 Iovianus
1134 1899 1315 1945 imperator
1329 1899 1543 1944 designatur,
1567 1899 1699 1934 Varro-

250 1936 340 1970 niani
357 1937 610 1974 domesticorum
626 1944 752 1977 tribuni
768 1944 869 1978 filius.

343 1982 391 2014 Et
406 1994 492 2027 quae
508 1986 641 2028 quidem
656 1988 698 2020 ad
715 1989 840 2022 obitum
857 2001 962 2034 usque
977 1990 1094 2024 Iuliani
1109 1990 1315 2033 acciderunt,
1338 1989 1373 2023 in
1387 1990 1473 2024 hunc
1486 1993 1586 2034 gesta
1599 1991 1698 2024 fuere

251 2027 395 2060 modum.
443 2029 602 2064 Iovianus
628 2032 744 2067 induta
768 2045 917 2079 purpura
941 2041 1138 2080 sumptoque
1160 2036 1367 2077 diademate,
1389 2035 1555 2069 contentis
1567 2036 1698 2070 itineri-

251 2073 316 2105 bus
343 2072 471 2106 domum
499 2077 672 2119 pergebat.
719 2079 762 2112 ad
779 2080 879 2113 Suma
894 2081 1066 2114 castellum
1082 2081 1139 2114 ubi
1153 2081 1324 2122 venisset,
1347 2080 1517 2125 equitatus
1539 2081 1697 2115 Persicus

251 2117 287 2150 in
304 2117 471 2152 Romanos
487 2119 675 2164 irruptione
692 2125 781 2158 facta
791 2150 801 2165 ,
826 2137 887 2158 nec
902 2125 1019 2169 paucis
1034 2126 1188 2160 adductis
1203 2126 1401 2170 elephantis,
1424 2126 1576 2160 dextrum
1592 2137 1696 2161 cornu

251 2162 453 2205 infestabat,
480 2164 512 2197 in
541 2176 608 2209 quo
633 2168 763 2202 Ioviani
789 2174 824 2203 et
849 2171 1042 2204 Herculiani
1066 2171 1238 2204 constituti
1253 2176 1360 2208 erant.
1408 2182 1469 2204 eae
1483 2172 1697 2205 suntaDio-

251 2208 397 2241 cletiano
422 2213 458 2242 et
481 2209 683 2246 Maximiano
702 2216 877 2258 profectae
891 2216 1057 2259 legionum
1074 2216 1339 2261 appellationes,
1363 2217 1552 2250 habentium
1568 2228 1696 2260 cogno-

250 2253 340 2286 mina
361 2253 547 2301 principum
569 2256 717 2298 illorum,
755 2271 894 2303 quorum
920 2262 1007 2294 alter
1035 2262 1127 2295 Iovis
1152 2262 1238 2295 alter
1262 2262 1418 2295 Herculis
1441 2267 1695 2306 cognomentum

249 2299 433 2342 usurpavit.
480 2311 521 2333 ac
544 2300 637 2335 initio
662 2303 791 2346 quidem
814 2305 882 2339 vim
909 2306 1043 2340 roboris
1060 2307 1309 2350 elephantorum
1326 2319 1390 2340 non
1405 2307 1634 2348 sustinebant,
1657 2311 1694 2341 et

251 2343 342 2377 multi
356 2344 524 2388 fugientes
540 2346 713 2382 cadebant.
747 2361 864 2383 verum
882 2351 938 2384 ubi
955 2352 1080 2395 pariter
1095 2357 1131 2385 et
1146 2352 1326 2395 equitatum
1343 2357 1378 2385 et
1394 2353 1590 2396 elephantos
1605 2352 1694 2386 Per-

250 2400 310 2422 sae
327 2388 359 2421 in
376 2394 511 2423 nostros
527 2392 761 2435 concitabant,
785 2400 919 2429 ventum
940 2402 992 2429 est
1007 2397 1049 2430 ad
1066 2396 1224 2430 acclivem
1241 2397 1405 2440 quendam
1427 2398 1532 2432 locum
1543 2422 1553 2437 ,
1575 2397 1608 2430 in
1625 2407 1692 2439 quo

248 2434 476 2480 Romanorum
493 2437 581 2469 forte
597 2438 729 2471 calones
747 2445 855 2474 erant.
902 2441 951 2474 his
965 2442 998 2474 in
1015 2442 1153 2484 periculi
1168 2442 1362 2475 societatem
1378 2442 1589 2475 venientibus
1604 2442 1693 2475 tela·

249 2490 316 2522 que
339 2479 374 2513 in
395 2481 520 2515 Persas
545 2481 587 2515 de
612 2483 741 2516 sublimi
764 2484 960 2519 iacientibus
988 2487 1158 2532 elephanti
1173 2487 1304 2531 quidam
1320 2487 1484 2521 vulnerati
1499 2491 1598 2527 sunt3
1633 2487 1692 2532 qui

248 2534 342 2558 more
356 2536 416 2558 suo
431 2526 543 2569 sugam
559 2527 672 2561 dolore
692 2529 810 2573 perciti
827 2540 901 2563 cum
913 2530 1042 2564 barritu
1059 2534 1288 2577 capessebant,
1313 2537 1348 2566 et
1363 2533 1544 2575 equitatum
1562 2542 1691 2567 omnem

248 2571 514 2615 conturbabant,
538 2572 586 2605 ita
609 2573 738 2617 quidem
763 2579 799 2607 ut
822 2579 886 2607 tam
903 2575 936 2608 in
953 2577 1014 2609 hac
1029 2577 1111 2619 suga
1127 2577 1294 2621 elephanti
1310 2588 1330 2610 a
1345 2577 1500 2611 militibus
1518 2577 1692 2610 interfice-

247 2620 363 2648 rentur
381 2627 479 2660 quam
494 2617 526 2649 in
541 2617 614 2662 ipso
655 2619 756 2651 roelio
785 2620 970 2663 complures
997 2633 1038 2654 ex
1065 2622 1214 2655 hostibus
1239 2621 1407 2656 caderent.
1457 2622 1629 2665 perierunt
1654 2625 1691 2656 et

246 2658 391 2693 Romani
406 2661 572 2705 legionum
588 2663 630 2696 tri
657 2663 818 2706 mitres,
841 2665 919 2698 dum
946 2665 1082 2699 sortiter
1103 2666 1281 2708 dimicant,
1304 2667 1452 2700 Iulianus
1471 2667 1691 2701 Maximianus

247 2709 283 2738 et
310 2705 515 2742 Macrobius.
565 2720 706 2757 cumque
729 2708 819 2745 humi
842 2710 991 2746 iacentes
1015 2712 1268 2758 perquirerent,
1292 2717 1328 2747 et
1350 2712 1439 2748 inter
1463 2723 1522 2747 eos
1543 2711 1690 2748 Anatolii

1810 2782 1812 2784 .
1810 2751 1812 2757 ε
1803 2709 1812 2730 »Δ
1805 2642 1812 2685 „aaa
1804 2541 1812 2625 man-...n
1807 2503 1812 2515 ,Δ
