1812 3016
281 94 378 140 286
862 108 865 113 ·
907 97 1103 141 ZOSIMI

280 205 412 250 πεύειν
439 206 676 265 ε’πισταμὲνῃ
711 214 977 264 περιτνχοῖσα
1008 207 1171 267 πράττει
1205 210 1272 254 διὰ
1303 208 1451 267 ταύτης
1480 213 1526 256 τὸ
1554 216 1734 258 συνεῒιίιί

279 276 353 331 μὲν
383 275 455 330 τὴν
482 278 687 333 θυγατέρα
713 282 770 333 τῷ
790 279 954 330 βασιλεῖ
971 283 1035 320 καὶ
1057 277 1297 335 ὁμόλεκτρον
1320 279 1416 322 εἶναι
1427 311 1440 332 ,
1475 281 1544 324 τὸν
1565 284 1610 324 δὲ
1628 283 1728 337 μήτε

281 345 434 386 ἐθέλειν
461 342 560 398 μήτε
594 343 796 386 δύνασθαι
830 343 881 388 τὰ
916 351 974 404 τῷ
1004 345 1120 403 γάμῳ
1147 346 1399 403 προσήκοντα
1421 348 1619 406 πράττειν.
1688 352 1728 393 ἓν

280 411 410 469 τούτῳ
431 417 502 466 τῆς
523 411 644 469 κόρης
666 413 828 470 ἀπείρου
846 410 986 470 γάμων
1007 414 1312 470 ἀποθανούσης,
1344 414 1503 467 εἲκότως
1523 416 1548 472 ἦ
1568 416 1726 474 Σερῆνα

279 482 484 535 βασιλείου
510 486 626 536 γονῆς
649 482 904 534 ἐπιθυμοῦσα
927 484 1003 524 δεέι
1034 487 1106 525 τοῦ
1135 484 1192 538 μὴ
1217 484 1288 538 τὴν
1310 483 1508 540 τοσαύτην
1531 486 1633 543 αῧτῇ
1654 489 1759 528 δυ-5

277 550 462 591 ναστείαν
485 550 773 603 ἐλαττωθῆναι,
800 555 850 606 τῇ
872 552 1035 609 δευτέρα
1055 553 1230 607 θυγατρὶ
1254 550 1432 605 συνάψαι
1453 552 1521 595 τὸν
1535 551 1727 611 (Ονώριον

279 616 480 660 ἔσπευδεν.
549 611 595 658 οὗ
629 617 677 671 δὴ
709 619 917 672 γενομένου
953 622 1116 679 τελευτᾷ
1140 621 1214 673 μὲν
1243 617 1268 675 ἦ
1302 618 1400 677 κόρη
1424 621 1514 673 μετ’
1541 621 1588 663 οὖ
1611 621 1727 674 πολύ,

279 685 408 728 ταύτὰ
430 689 480 741 τῇ
500 685 673 743 προτέρα
694 689 900 728 παθοῦσα.

416 753 494 797 29.
564 754 761 806 Στελίχων
784 755 848 805 δέ,
884 754 1136 809 ἀγγείλαντος
1159 752 1270 811 αὗτῷ
1293 752 1398 804 τινὸς
1422 752 1477 806 ὥς
1498 755 1572 806 τὰς
1586 756 1728 798 Ἠπεί-

281 834 378 877 ρους
399 818 608 875 Ἀλάριχος
632 820 883 873 καταλιπών,
930 819 1110 877 ὑπερβάς
1131 839 1172 864 τε
1194 822 1245 863 τὰ
1269 824 1486 879 διείργοντα
1509 824 1626 866 στενὰ
1657 823 1729 879 τὴν
1743 835 1786 868 10

282 888 360 929 ἀπὸ
383 890 583 938 Παιονίας
605 890 667 930 ἐπὶ
695 889 910 939 Οὗενετοὺς
940 888 1152 943 διάβασιν,
1196 887 1270 939 τὰς
1303 890 1451 944 σκηνὰς
1478 894 1532 941 εἷς
1556 892 1731 945 Ἴῖμωνα

282 955 398 998 πόλιν
418 954 590 1008 ἐπήξατο
602 985 614 1007 ,
659 958 808 1010 μεταξὺ
827 958 1027 1007 Παιονιάς
1046 962 1118 1012 τῆς
1142 955 1333 999 ἀνωτάτω
1351 960 1418 999 καὶ
1440 963 1631 1015 Νωρικοῦ
1649 979 1732 1002 κει-

280 1025 415 1078 με’νην,
439 1050 489 1055 -—
513 1024 623 1074 ἄξιον
644 1025 687 1066 δὲ
707 1025 763 1079 μὴ
788 1028 1067 1082 παραδραμεῖν
1088 1025 1164 1068 ὅσα
1187 1030 1258 1079 τῆς
1280 1024 1434 1076 πόλεώς
1455 1027 1537 1069 ἔστι
1570 1027 1730 1083 ταύτης,

279 1095 345 1134 καὶ
365 1091 472 1141 ὅπως
493 1092 564 1146 τὴν
582 1092 708 1148 ἀρχὴν
722 1092 855 1147 ἔτυχεν
868 1096 1064 1147 οἰκισμοῦ.
1120 1094 1214 1143 τοὺς
1227 1093 1495 1149 Ἀργοναύτας
1515 1098 1638 1151 φασὶν
1651 1094 1729 1138 ὑπὸ

279 1165 354 1202 τοῦ
375 1158 532 1214 Αἶήτου
556 1162 820 1214 διωκομένους
840 1168 927 1211 ταῖς
949 1164 1004 1211 εἷς
1020 1160 1089 1204 τὸν
1100 1161 1261 1204 Πόντον
1282 1163 1467 1214 ἐκβολαῖς·
1487 1169 1560 1205 τοῦ
1573 1163 1729 1220 Ἴστρου
1746 1173 1786 1208 15

281 1232 655 1284 προσορμισθῆναι,
691 1231 826 1285 κρῖναί
845 1247 886 1271 τε
907 1233 1040 1279 καλῶς
1066 1229 1166 1283 ἔχειν
1198 1229 1266 1271 διὰ
1294 1228 1438 1272 τούτου
1466 1231 1567 1287 πρὸς
1599 1232 1733 1274 ἆντίον

280 1296 351 1337 τὸν
374 1296 469 1352 ῥοῦν
498 1295 726 1350 ἀναχθῆναι
759 1299 825 1338 καὶ
854 1298 971 1351 μέχρι
993 1296 1186 1338 τοσούτου
1210 1299 1444 1339 διαπλεῦσαι
1466 1299 1535 1340 τὸν
1552 1300 1733 1353 ποταμὸν

282 1365 430 1421 εἰρεσίᾳ
458 1365 523 1404 καὶ
554 1362 777 1416 πνεύματος
806 1365 1027 1418 ἐπιτηδείου
1061 1369 1191 1422 φορᾷ,
1224 1365 1365 1421 με’χρις
1394 1365 1443 1407 ἂν
1464 1370 1515 1422 τῇ
1539 1366 1732 1423 θαλάσσῃ

279 1432 551 1486 πλησιαίτεροι
571 1431 756 1486 γε’νοιντο.
823 1431 1043 1488 πράξαντες
1068 1434 1110 1473 δὲ
1129 1431 1223 1488 ὅπερ
1248 1433 1436 1487 ἔγνωσαν,
1471 1435 1605 1489 ἐπειδὴ
1628 1436 1732 1477 κατὰ

279 1503 422 1541 τοῦτον
455 1498 628 1554 ἐγένοντο
661 1498 729 1540 τὸν
758 1496 905 1550 τόπον,
948 1497 1109 1554 μνήμην
1136 1498 1419 1551 καταλιπόντες
1442 1506 1514 1556 τῆς
1537 1505 1788 1559 σᾳετέραςὲο

282 1567 457 1623 ἀφίξεως
477 1566 546 1608 τὸν
569 1571 639 1620 τῆς
659 1565 810 1616 πόλεως
830 1567 1010 1621 οῗκισμόν
1021 1597 1033 1618 ,
1076 1575 1276 1622 μηχαναῖς
1297 1569 1499 1619 ἐπιθέντες
1518 1570 1731 1626 τὴνἈργώ

281 1637 348 1676 καὶ
383 1635 647 1690 τετρακοσίων
679 1636 852 1676 σταδίων
885 1633 979 1676 ὁδὸν
1009 1635 1105 1690 ἄχρι
1135 1634 1351 1691 θαλάσσης
1371 1635 1605 1688 ἑλκύσαντες
1627 1638 1732 1680 οὕτω

279 1709 368 1753 ταῖς
393 1702 611 1745 Θεσσαλῶν
642 1702 782 1752 ἀκταῖς
811 1705 1207 1760 προσωρμίσθησαν,
1251 1702 1308 1754 ὥς
1339 1701 1360 1745 ὃ
1391 1705 1557 1760 ποιητὴς
1586 1706 1740 1763 ἱστορεῖ

280 1876 381 1911 rebus
396 1873 580 1909 huiusmodi
595 1875 776 1909 remedium
792 1876 917 1910 afferre
931 1875 1043 1918 sciret,
1059 1875 1129 1911 eius
1144 1888 1248 1922 opera
1262 1877 1398 1922 perficit
1412 1881 1450 1912 ut
1464 1878 1533 1912 filia
1548 1889 1620 1913 cum
1636 1879 1732 1924 prin-

279 1921 357 1966 cipe
373 1921 502 1965 quidem
520 1921 654 1954 viveret
669 1932 709 1954 ac
723 1922 790 1955 tori
806 1933 944 1955 consors
961 1922 1108 1956 eiusdem
1126 1929 1215 1956 esset
1267 1935 1379 1957 verum
1398 1923 1455 1957 ine
1475 1936 1538 1957 nec
1551 1925 1655 1958 vellet
1669 1935 1732 1958 nec

281 1972 397 2011 posset
412 1977 454 1999 ea
469 1977 557 2009 quae
573 1966 813 2000 matrimonium
827 1967 1017 2011 requireret
1032 1967 1182 2012 implere.
1220 1968 1350 2002 mterim
1366 1969 1480 2013 puella
1494 1969 1626 2013 virgine
1639 1981 1732 2003 mor-

282 2019 361 2053 tua,
384 2022 450 2044 non
465 2012 525 2044 abs
541 2021 578 2044 re
593 2012 742 2054 Serena,
775 2023 863 2056 quae
877 2013 1002 2046 sobolis
1017 2011 1252 2058 imperatoriae
1271 2014 1527 2058 consequendae
1545 2015 1731 2059 percupida

282 2061 384 2097 esset,
409 2057 451 2089 ob
468 2061 611 2094 metum,
636 2068 678 2089 ne
693 2056 769 2100 quid
787 2057 852 2091 sibi
867 2058 910 2091 de
926 2062 1020 2092 tanta
1035 2059 1187 2102 potentia
1203 2056 1400 2100 decederet,
1422 2058 1456 2092 id
1473 2070 1612 2104 operam
1627 2060 1732 2094 dabat

280 2106 321 2134 ut
335 2100 520 2135 Honorium
537 2101 634 2133 alteri
649 2101 737 2135 filiae
752 2103 937 2147 copularet.
987 2114 1054 2147 quo
1073 2104 1164 2137 sacto
1180 2103 1294 2148 puella
1307 2103 1411 2137 vitam
1426 2115 1499 2138 cum
1513 2109 1622 2139 morte
1637 2116 1731 2139 com—

280 2150 400 2189 mutat,
423 2157 495 2179 cum
514 2146 612 2189 paulo
628 2151 704 2190 post
718 2146 805 2180 idem
823 2147 855 2180 ei
870 2148 959 2192 quod
976 2148 1080 2193 priori
1097 2148 1284 2188 accidisset.

372 2192 427 2227 29.
472 2191 524 2224 Ad
541 2190 762 2225 Stelichonem
779 2203 860 2225 vero
877 2193 1025 2227 nuntium
1042 2191 1174 2238 quidam
1189 2193 1349 2238 pertulit,
1382 2192 1573 2228 Alarichum
1604 2193 1730 2228 relictis

281 2236 415 2282 Epiris,
448 2240 484 2268 et
506 2235 673 2279 superatis
696 2236 860 2279 angustiis
884 2249 971 2282 quae
988 2250 1007 2272 a
1021 2237 1195 2272 Pannonia
1210 2239 1384 2272 transitum
1400 2239 1442 2272 ad
1459 2240 1608 2273 Venetos
1623 2239 1731 2284 impe-

283 2283 396 2323 diunt,
420 2280 508 2325 apud
524 2281 685 2314 Emonem
702 2281 858 2325 oppidum
873 2287 986 2316 castra
1001 2283 1152 2327 locasse,
1182 2284 1272 2328 quod
1286 2283 1374 2317 inter
1388 2284 1593 2318 Pannoniam
1608 2295 1730 2330 supre—

282 2339 368 2362 mam
384 2330 420 2360 et
433 2325 593 2359 Noricum
609 2325 706 2358 situm
723 2331 786 2360 est.
809 2332 911 2372 atque
927 2328 989 2362 hoc
1007 2329 1080 2363 loco
1097 2337 1160 2373 par
1176 2333 1238 2370 est,
1261 2329 1392 2362 minime
1408 2329 1539 2363 silentio
1554 2329 1729 2375 praeteriri

282 2383 371 2417 quae
385 2371 428 2405 ad
443 2371 599 2416 oppidum
614 2371 679 2403 hoc
693 2371 862 2414 pertinent
874 2399 883 2416 ,
922 2379 957 2406 et
980 2385 1121 2418 quonam
1146 2373 1243 2407 modo
1267 2374 1367 2407 condi
1391 2375 1433 2407 ab
1449 2374 1543 2408 initio
1564 2374 1726 2419 coeperit.

282 2418 375 2451 aiunt
390 2419 621 2460 Argonautas,
652 2427 725 2448 cum
752 2427 810 2449 eos
827 2419 955 2452 Aeetas
981 2424 1261 2463 persequeretur,
1292 2419 1336 2452 ad
1353 2418 1430 2453 Istri
1445 2418 1614 2464 appulisse
1629 2419 1729 2461 ostia,

283 2463 404 2507 quibus
419 2461 451 2495 in
467 2463 610 2495 Pontum
623 2460 679 2493 ille
694 2467 799 2494 semet
820 2467 999 2504 exonerat3
1034 2469 1197 2509 recteque
1220 2475 1257 2497 se
1280 2465 1432 2497 facturos
1450 2464 1675 2503 existimasse,
1699 2464 1730 2497 si

282 2508 426 2542 adverso
441 2507 576 2540 flumine
592 2506 801 2547 veherentur,
821 2518 862 2539 ac
876 2508 1041 2552 tantisper
1055 2509 1090 2542 in
1108 2510 1171 2542 hoc
1186 2520 1282 2542 amne
1296 2508 1443 2553 remigiis
1459 2513 1495 2542 et
1508 2508 1619 2542 idonei
1635 2508 1731 2542 venti

283 2553 472 2586 adiumento
489 2551 698 2595 navigarent,
721 2551 828 2584 donec
843 2552 886 2584 ad
903 2563 992 2586 mare
1008 2554 1144 2598 propius
1161 2553 1392 2588 accessissent.
1418 2563 1491 2587 cum
1506 2552 1542 2586 id
1557 2553 1730 2586 consilium

282 2598 426 2631 fuissent
444 2597 592 2630 exsecuti
605 2596 738 2641 iamque
751 2597 792 2629 ad
808 2597 917 2630 locum
933 2598 1021 2632 hunc
1036 2599 1286 2643 pervenissent,
1319 2598 1393 2643 ipsa
1420 2603 1591 2631 structura
1615 2597 1730 2643 oppidi

284 2642 382 2675 huius
397 2642 440 2675 ad
457 2641 645 2676 memoriam
661 2642 824 2675 adventus
841 2642 877 2675 in
891 2642 988 2675 istam
1004 2643 1176 2687 regionem
1190 2644 1243 2677 sui
1259 2644 1389 2686 relicta,
1413 2647 1448 2676 et
1463 2645 1555 2686 Argo
1571 2643 1731 2677 machinis

282 2687 438 2731 imposita
462 2698 592 2732 perque
617 2686 799 2720 stadiorum
817 2685 1135 2732 quadringentorum
1152 2688 1295 2733 spatium
1312 2698 1420 2733 usque
1440 2688 1481 2721 ad
1501 2699 1593 2722 mare
1608 2692 1729 2729 tracta,

283 2731 519 2767 Thessalorum
542 2732 710 2766 littoribus
724 2732 923 2778 appulerunt
933 2758 945 2777 ‚
977 2733 1074 2767 sicuti
1088 2733 1251 2768 Pisander
1264 2734 1366 2779 poeta
1379 2733 1556 2767 memoriae
1570 2732 1728 2778 prodidit,
