1812 3016
288 113 317 158 2
328 113 385 159 10
905 111 1101 154 ZOSIMI

289 223 501 276 ἀνελόντες.
571 225 604 268 εἴ
633 223 705 278 μὲν
730 218 800 266 οὖν
819 223 1049 278 ἐπεξῆλθον
1075 223 1112 265 οἱ
1138 221 1343 281 βάρβαροι
1375 227 1434 280 τῷ
1451 218 1722 280 προτερήματι

290 297 355 337 καὶ
382 294 474 343 τοὺς
502 291 587 346 ἅμα
616 297 673 349 τῷ
700 290 864 346 βασιλεῖ’
888 291 1106 349 φεύγοντας
1132 293 1320 343 ἐδίωξαν,
1352 289 1510 341 πάντως
1538 291 1723 345 αὐτοβοεὶ

290 361 448 404 πάντων
474 360 522 403 ἂν
543 359 776 416 ἐκράτησαν.
843 360 923 402 ἐπεὶ
947 361 989 402 δὲ
1009 360 1268 415 ἀρκεσθέντες
1287 363 1335 414 τῇ
1353 359 1439 415 νίκῃ
1462 360 1724 408 Μακεδονίας

290 433 355 472 καὶ
380 430 604 478 Θεσσαλίας
632 429 804 484 ἐγένοντο
830 426 957 484 κύριοι
990 426 1260 483 φυλάττοντος
1290 425 1469 478 οὐδενός,
1515 426 1627 469 αὐτοὶ
1649 427 1723 480 μέν

291 496 452 554 ἀφῆκαν
471 497 543 546 τὰς
564 495 715 546 πόλεις,
751 494 871 553 ι’ίχαρι
899 493 1117 552 πράξαντες
1146 497 1201 546 εἷς
1231 494 1357 544 αὐτὰς
1383 494 1476 536 οὐδὲ
1497 494 1559 546 ἵν,
1592 495 1755 538 zanio&

288 570 362 608 τοῦ
382 563 508 621 φόρον
526 563 613 606 τινὰ
633 565 673 614 ἐξ
693 563 823 606 αὐτῶν
842 567 1069 618 κομιεῖσθαι
1083 577 1093 587 ·
1130 564 1235 618 (32)
1260 562 1410 616 μαθὼν
1432 562 1475 604 δὲ
1494 560 1516 607 ὃ
1536 561 1726 615 βασιλεῦς

290 631 345 683 ὡς
369 633 430 674 ἐπὶ
452 627 606 682 τούτοις
626 628 697 686 τὴν
718 629 969 687 ἀναχώρησιν
990 630 1247 685 ποιησάμενοι
1269 630 1320 672 τὰ
1347 632 1472 682 οἷκεῒα
1490 631 1724 682 κατέλαβον,

289 704 487 758 φυλακαῖς
515 701 588 753 μὲν
617 700 668 741 τὰ
699 698 874 756 φροῦρια
902 701 967 741 καὶ
997 699 1070 749 τὰς
1093 697 1283 755 τειχήρεις
1310 698 1547 755 ἢσφαλίζετο
1578 696 1726 747 πόλεις,

289 768 409 818 αὐτὸς
438 769 481 810 δὲ
513 769 575 809 ἐπὶ
612 767 684 821 τὴν
711 765 1129 809 Κωνσταντινοῦπολιν
1155 766 1323 821 ἤλαυνε,
1376 765 1596 822 γράμματα
1625 765 1726 821 πρὸς

286 837 329 877 Γ
326 835 512 891 ρατιανὸν
531 836 687 884 στείλας
712 834 780 877 τὸν
805 834 995 888 βασιλέα,
1038 834 1094 876 δι’
1120 829 1175 876 ὧν
1193 834 1244 876 τὰ
1262 832 1545 888 συμβεβηκότα
1564 831 1722 887 ἐδήλου,
1736 841 1780 875 10

287 906 351 945 καὶ
373 899 427 953 ὧς
446 900 527 945 ὁὲοι
545 910 627 952 τοῖς
649 901 876 959 πράγμασιν
898 904 953 952 εἲς
971 901 1137 956 ἔσχατον
1163 900 1303 956 ἥκουσι
1327 906 1453 944 κακοῦ
1469 900 1570 955 μετὰ
1593 899 1725 955 πάσης

285 969 449 1025 ἀμύνειν
465 975 697 1024 ταχυτῆτος.
764 972 829 1012 καὶ
858 970 952 1020 τοὺς
975 967 1346 1026 γραμματηφόρους
1373 969 1435 1011 ἐπὶ
1461 967 1617 1018 τούτοις
1639 968 1724 1018 ἐξέ-

287 1057 448 1092 πεμπεν,
475 1038 596 1088 αὐτὸς
615 1039 678 1089 δέ,
713 1036 767 1088 ὥς
789 1038 947 1088 οὐδενὸς
965 1041 1148 1094 λυπηροῦ
1166 1044 1255 1088 ταῖς
1276 1037 1318 1079 ἓν
1336 1037 1573 1094 Μακεδονίᾳ
1587 1034 1725 1078 πόλεσι

286 1109 352 1148 καὶ
378 1107 581 1165 Θεσσαλίᾳ
603 1104 921 1160 συμβεβηκότος,
956 1106 1096 1163 ἐφίστη
1116 1105 1210 1155 τοὺς
1225 1109 1305 1147 τῶν
1324 1106 1527 1160 δημοσίων
1546 1102 1699 1159 πράκτο
1711 1127 1725 1137 ·

287 1191 363 1229 ρας
386 1173 523 1230 φόρων
545 1172 828 1230 εἶσπράξοντας
847 1173 892 1216 τὸ
911 1171 1141 1227 τελούμενον
1163 1175 1218 1223 εἷς
1237 1177 1371 1214 πᾶσαν
1391 1172 1608 1229 ἀκρίβειαν.
1655 1172 1722 1214 καὶ
1735 1179 1779 1215 15

284 1236 334 1296 ἦν
356 1244 464 1292 ἰδεῖν,
500 1240 523 1283 ὃ
543 1242 609 1283 διὰ
627 1242 697 1296 τὴν
715 1246 793 1284 τῶν
809 1240 1030 1298 βαρβάρων
1054 1242 1363 1298 φιλανθρωπίαν
1386 1239 1724 1297 περιλελειμμένον

283 1304 354 1364 ἦν,
389 1307 700 1365 ἕκᾳορούμενον·
736 1308 782 1350 οὗ
806 1309 882 1364 γὰρ
911 1307 1103 1365 χρήματα
1129 1308 1253 1362 μόνον
1282 1308 1387 1350 ἀλλὰ
1416 1309 1482 1350 καὶ
1507 1314 1725 1362 γυναικεῖος

285 1374 434 1429 κόσμος
456 1378 522 1417 καὶ
541 1377 667 1430 ἐσθὴς
687 1380 819 1427 πᾶσα,
851 1376 966 1432 μέχρι
988 1378 1054 1418 καὶ
1075 1376 1198 1430 αὐτῆς
1221 1374 1276 1425 ὥς
1296 1378 1415 1418 εἰπεῖν
1434 1379 1505 1428 τῆς
1526 1374 1598 1428 τὴν
1621 1377 1725 1416 αἰδῶ

285 1442 528 1498 σκεπούσης,
561 1442 659 1499 ὑπὲρ
690 1448 769 1485 τῶν
792 1444 1035 1499 τεταγμένων
1056 1444 1208 1486 ἐδίδοτο
1234 1441 1384 1499 φόρων.
1450 1444 1518 1484 καὶ
1539 1436 1589 1496 ἦν
1612 1446 1724 1484 πᾶσα

283 1510 397 1561 πόλις
420 1513 486 1552 καὶ
505 1515 584 1560 πᾶς
605 1511 727 1567 ἀγρὸς
748 1512 923 1566 οἰμωγῆς
942 1513 1008 1553 καὶ
1021 1510 1192 1567 ’θρήνων
1214 1509 1455 1565 ἀνάμεστος,
1503 1509 1597 1560 τοὺς
1614 1514 1787 1566 βαρ-207

281 1577 437 1634 βάρους
468 1576 654 1622 ἁπάντων
681 1578 986 1622 ἀνακαλούντων
1015 1581 1081 1622 καὶ
1104 1579 1175 1633 τὴν
1195 1580 1238 1630 ἐξ
1263 1579 1418 1621 ἐκείνων
1442 1577 1724 1631 ἐπισπωμένων

280 1644 489 1701 βοήθειαν.
1446 1696 1450 1701 .

418 1715 495 1758 33.
564 1715 647 1755 Καὶ
666 1714 715 1756 τὰ
736 1714 808 1767 μὲν
833 1714 1051 1756 Θεσσαλῶν
1077 1714 1143 1755 καὶ
1163 1710 1415 1756 Μακεδόνων
1434 1712 1475 1754 ἓν
1491 1710 1644 1762 τούτοις
1659 1706 1722 1766 ἦν,

283 1780 305 1822 ὅ
327 1782 370 1823 δὲ
383 1780 573 1834 βασιλεὺς
586 1780 802 1832 Θεοδόσιος
821 1781 1005 1838 λαμπρὸς
1021 1783 1087 1823 καὶ
1107 1779 1238 1838 ὥσπερ
1253 1782 1315 1823 ἐπὶ
1327 1782 1414 1837 νίκῃ
1428 1785 1553 1837 σεμνῇ
1567 1781 1722 1837 θρίαμ-

283 1887 491 1922 multitudine
506 1887 671 1922 trucidata
683 1912 692 1929 ,
727 1886 918 1922 ceciderunt
932 1887 1089 1923 universi.
1136 1887 1304 1922 enimvero
1320 1886 1347 1920 si
1363 1886 1413 1920 usi
1428 1886 1572 1919 victoria
1586 1885 1722 1920 barbari

283 1938 319 1966 et
335 1934 542 1976 aufugientes
560 1945 632 1966 cum
656 1933 858 1978 imperatore
879 1946 953 1968 mox
978 1935 1120 1968 fuissent
1141 1932 1300 1974 insecuti,
1332 1932 1433 1976 primo
1449 1933 1559 1964 statim
1577 1931 1722 1966 clamore

283 1983 423 2010 cunctos
450 1979 579 2011 omnino
605 1978 639 2011 in
665 1982 866 2021 potestatem
891 1979 1107 2023 redegissent.
1153 1978 1214 2013 sed
1237 1977 1391 2023 quoniam
1415 1976 1556 2010 victoria
1575 1976 1722 2010 contenti

282 2022 502 2055 Macedoniae
516 2023 802 2067 Thessaliaeque,
836 2025 965 2058 nemine
985 2023 1156 2069 praesidiis
1174 2024 1233 2057 has
1248 2021 1469 2063 defendente,
1502 2022 1622 2054 domiui
1639 2020 1721 2055 facti

282 2067 437 2110 fuerant,
473 2068 596 2101 liberas
611 2068 777 2112 reliquere
793 2068 964 2111 civitates,
988 2081 1050 2103 nec
1064 2068 1099 2103 in
1116 2079 1191 2109 eas,
1214 2079 1274 2112 spe
1288 2067 1449 2101 tributum
1463 2065 1595 2111 aliquod
1611 2067 1653 2101 ab
1671 2067 1720 2101 eis

283 2111 484 2157 accipiendi,
507 2112 620 2146 durius
636 2113 811 2158 quicquam
830 2119 1031 2155 statuerunt.
1076 2114 1157 2159 (39)
1179 2113 1359 2157 imperator
1374 2117 1482 2144 autem
1495 2137 1505 2155 ‚
1529 2123 1602 2146 cum
1617 2111 1720 2146 intel·

283 2157 424 2191 lexisset
447 2158 505 2190 has
529 2158 572 2190 ob
595 2168 713 2190 causas
741 2169 798 2192 eos
824 2158 1029 2193 discessione
1051 2160 1143 2193 facta
1159 2157 1299 2203 patriam
1315 2154 1510 2202 repetiisse,
1544 2156 1718 2202 praesidiis

282 2203 422 2235 castella
447 2213 518 2235 cum
542 2202 689 2247 oppidis,
724 2210 889 2248 quotquot
903 2204 1073 2238 moenibus
1089 2208 1184 2237 erant
1198 2201 1319 2245 cincta,
1343 2201 1465 2242 munit3
1497 2201 1570 2247 ipse
1586 2202 1717 2247 Cpolim

284 2247 372 2288 abit,
406 2247 511 2281 missis
527 2247 568 2280 ad
586 2247 782 2281 Gratianum
797 2249 1029 2293 imperatorem
1043 2248 1163 2282 litteris
1173 2274 1183 2292 ‚
1219 2248 1338 2292 quibus
1351 2247 1563 2290 significabat
1576 2258 1616 2280 ea
1630 2258 1718 2291 quae

284 2292 482 2326 accidissent
492 2316 502 2335 ‚
536 2292 691 2336 quodque
710 2292 810 2326 rebus
827 2294 866 2326 ad
883 2300 1064 2329 extremum
1080 2293 1251 2328 discrimen
1265 2292 1418 2326 adductis
1433 2303 1532 2336 quam
1547 2292 1718 2326 celerrime

283 2338 539 2371 succurrendum
562 2343 663 2371 esset.
702 2336 783 2370 ¹cum
810 2338 873 2371 hoc
893 2340 1022 2373 nomine
1043 2337 1235 2373 tabellarios
1256 2337 1463 2381 ablegasset,
1497 2337 1590 2382 ipse,
1620 2336 1718 2382 quasi

283 2382 363 2415 nihil
378 2383 472 2416 triste
487 2380 712 2415 Macedonicis
726 2393 766 2415 ac
780 2383 982 2418 Thessalicis
998 2384 1131 2429 oppidis
1156 2381 1346 2423 accidisset,
1379 2382 1583 2426 publicorum
1607 2382 1718 2415 tribu-

282 2432 390 2460 torum
406 2434 581 2461 exactores
596 2427 757 2468 instituit,
792 2428 847 2472 qui
863 2430 993 2462 omnino
1010 2429 1119 2472 rigide
1133 2427 1308 2472 pensiones
1324 2427 1516 2461 tributarias
1532 2426 1717 2470 exigerent.

282 2477 355 2505 erat
370 2473 486 2506 videre
503 2477 609 2506 totum
625 2472 698 2513 hoc,
721 2472 807 2516 quod
825 2473 1026 2507 humanitate
1040 2474 1256 2507 barbarorum
1273 2473 1423 2506 relictum
1438 2473 1560 2513 fuerat,
1582 2471 1616 2505 in
1634 2483 1715 2506 cen-

281 2528 353 2550 sum
367 2517 506 2561 erogari.
528 2528 593 2551 non
607 2516 693 2550 enim
707 2517 846 2562 pecunia
862 2517 1033 2562 duntaxat,
1050 2529 1163 2552 verum
1178 2522 1213 2551 et
1227 2517 1365 2550 mundus
1381 2516 1547 2554 muliebris
1563 2521 1598 2550 et
1610 2516 1718 2551 omnis

280 2563 435 2604 vestitus,
452 2573 554 2607 usque
568 2562 608 2595 ad
624 2561 711 2596 illam
727 2563 800 2595 fere
816 2567 942 2596 vestem
958 2575 1023 2608 qua
1039 2563 1193 2608 pudenda
1207 2567 1375 2606 teguntur,
1395 2561 1591 2596 indictorum
1608 2561 1714 2595 nomi-

281 2618 323 2640 ne
338 2607 536 2642 tributorum
553 2606 804 2648 conferebatur-3
821 2613 856 2641 et
870 2619 965 2641 omne
980 2609 1148 2654 oppidum,
1164 2608 1267 2641 omnis
1276 2607 1357 2641 villa
1369 2608 1499 2652 ploratu
1510 2605 1712 2650 uelamentis

282 2658 355 2686 erat
368 2653 476 2697 plena,
501 2653 661 2686 barbaros
675 2651 925 2687 inclamantibus
939 2653 1102 2688 universis
1118 2659 1154 2688 et
1167 2664 1281 2686 eorum
1297 2664 1392 2698 opem
1409 2652 1623 2698 poscentibus

369 2698 423 2731 33.
470 2699 581 2742 Atque
595 2698 627 2731 in
644 2698 706 2732 hoc
721 2701 812 2731 statu
827 2697 1061 2732 Thessalorum
1078 2697 1364 2743 Macedonumque
1381 2708 1436 2731 res
1452 2701 1561 2739 erant,
1605 2686 1712 2740 impe*-

278 2747 372 2775 rator
385 2746 493 2776 autem
509 2743 720 2777 Theodosius
733 2742 920 2789 splendide,
954 2743 1116 2790 quasique
1130 2743 1330 2788 triumphum
1346 2743 1389 2777 ob
1403 2741 1584 2788 gloriosam
1602 2741 1712 2775 victo-
