1812 3016
432 81 872 127 COMMENTARIUS
911 82 1260 127 msTORlclJS.
1480 85 1575 131 373

137 187 341 230 strumus
357 203 524 242 reguum
541 204 612 230 sua
629 198 792 243 sponte,
823 190 895 231 sed
915 193 1062 231 milites
1082 206 1174 231 eum
1191 194 1367 245 coegisse
1386 200 1428 232 ut
1445 194 1574 246 impe-

137 247 242 284 rium
265 254 494 298 occuparet,
523 249 598 286 etsi
617 248 807 286 rebellem
823 262 916 287 eum
932 257 971 287 et
991 249 1314 287 benefactorum
1301 263 1574 288 uumemorem

137 302 394 345 eliminentur
419 302 652 354 Christiani,
678 306 914 344 Ammianus
941 307 997 347 20
1023 307 1050 346 9
1082 313 1122 343 et
1145 306 1335 344 Libanius
1359 319 1418 344 or.
1440 308 1494 348 12
1511 314 1573 345 te-

137 364 282 397 statum
302 359 559 412 reliquerunt.

245 438 288 476 Ρ.
308 427 388 468 136
408 439 448 465 v.
464 415 534 467 19.
589 439 691 479 quae
719 428 896 466 Iulianus
914 426 965 465 de
983 426 1171 478 religione
1194 426 1414 466 Christiana
1436 442 1572 467 sense-

137 479 210 529 nit,
236 481 323 533 ipse
347 483 391 520 in
414 483 528 534 epist.
554 481 607 520 ad
628 481 776 521 Athen.
799 483 984 521 declarat.
1041 485 1225 522 simulato
1258 486 1344 522 eins
1373 485 1573 535 religionis

136 536 265 586 cultu,
302 539 383 576 iam
403 537 556 590 pridem
583 552 674 576 eum
698 539 747 576 ab
774 553 821 576 ea
848 538 1059 577 descivisse
1084 547 1124 577 et
1152 542 1274 578 sacris
1302 554 1344 578 se
1373 540 1574 579 addixisse

132 594 330 632 maiorum
354 601 488 632 auctor
504 601 563 632 est
578 596 811 633 Ammianus
829 597 881 636 21
912 595 940 636 4
969 603 1006 633 et
1027 597 1230 647 Bunapius
1247 598 1288 633 in
1309 598 1388 633 vita
1405 598 1573 634 Maximi

133 661 175 700 Ρ.
190 647 260 691 94.
314 649 423 688 idem
437 649 551 688 docet
569 653 746 689 animum
763 653 860 699 eius,
891 665 980 689 cum
995 653 1230 698 Maximum,
1258 654 1435 690 Priscum
1451 654 1574 691 alios-

133 716 213 756 que
238 703 400 745 Aedesii
428 705 641 758 discipulos
670 706 903 756 audivisset,
933 706 986 744 ad
1009 710 1318 758 superstitiosam
1340 709 1573 759 religionem

132 760 366 800 inclinatum
391 760 596 801 defecisse.
654 775 732 815 quo
757 771 888 800 autem
911 770 1089 814 tempore
1114 777 1224 801 sacra
1249 765 1457 814 gentilium
1480 778 1571 816 pm·

132 816 266 883 palam
293 817 456 856 colendo
484 817 749 857 Christianum
775 833 818 857 se
842 819 989 870 fingere
1019 818 1201 867 desierit,
1238 819 1301 866 id,
1338 822 1396 857 uti
1424 822 1484 858 fas
1512 827 1570 858 est

132 875 341 924 suspicari,
370 876 636 913 inconstanter
653 888 676 912 a
698 876 951 926 scriptoribus
968 877 1183 912 memoriae
1198 875 1411 926 proditum.

241 943 381 992 p.137
399 955 439 980 v.
459 942 499 983 5.
555 943 697 980 Iulian.
721 943 750 979 l.
773 956 806 979 c.
833 938 922 982 ἄλλ’
910 938 1179 1011 ᾐσχυνόμην
1204 943 1347 990 δεινως
1367 942 1435 983 καὶ
1458 956 1571 983 κατε-

130 990 312 1048 δνομην,
356 997 393 1038 εἰ
430 993 590 1051 δόξαιμι
626 996 682 1051 μὴ
720 1001 869 1047 πιστοῖς
906 1013 995 1050 “w
1022 997 1160 1047 τέλους
1192 997 1418 1040 υπακοῦσαι
1453 1001 1572 1039 Κων-

129 1053 308 1107 mutip-

238 1117 294 1156 ib.
316 1133 355 1157 v.
378 1121 444 1162 16.
501 1121 681 1158 Iuliano
669 1134 710 1158 m
732 1122 932 1159 Orientem
947 1122 1169 1173 profecturo
1186 1121 1362 1170 barbari,
1393 1122 1476 1159 sive
1494 1134 1570 1173 op-

126 1181 339 1225 portunum
365 1182 523 1228 tempus
548 1190 590 1214 se
616 1183 750 1215 nactos
779 1179 854 1215 rati
877 1179 1040 1228 impune
1062 1176 1298 1229 praedandi,
1328 1180 1431 1226 sive,
1461 1176 1571 1229 quod

126 1231 303 1280 Iulianus
332 1231 420 1283 (ep.
440 1231 491 1269 ad
508 1231 680 1282 Athen.)
710 1233 861 1284 prodit,
890 1247 913 1271 a
930 1236 1156 1271 Constantio
1177 1240 1308 1271 contra
1327 1235 1458 1284 ipsum
1475 1246 1568 1284 pre-

126 1287 182 1324 tio
201 1287 419 1336 sollicitati,
447 1287 607 1326 foedere
627 1289 771 1326 violato
791 1289 889 1327 fmes
910 1291 1107 1327 Romanos
1127 1289 1375 1327 infestarunt.
1431 1302 1566 1339 regem

125 1341 287 1394 quidem
306 1343 578 1392 barbarorum,
606 1344 907 1393 Vadomarium,
934 1344 1072 1382 fraude
1090 1346 1303 1398 composita
1323 1351 1479 1396 captum
1497 1347 1566 1381 Iu-

125 1398 255 1437 lianus
282 1400 325 1436 in
348 1401 580 1451 Hispaniam
599 1401 727 1447 misit3
760 1401 865 1438 bello
887 1415 978 1439 vero
998 1415 1070 1452 per
1090 1400 1209 1438 duces
1230 1414 1320 1439 cum
1338 1401 1567 1438 rebellanti-

123 1453 199 1492 bus
219 1461 328 1506 gesto
347 1454 454 1493 haud
471 1469 699 1508 prosperam
721 1464 907 1511 expertus
927 1457 1145 1504 fortunam,
1175 1458 1261 1508 ipse
1282 1455 1469 1495 adversus
1488 1453 1565 1493 ho-

123 1516 204 1549 stes
225 1511 424 1562 profectus
442 1519 669 1550 renovatam
689 1525 779 1549 cum
795 1514 996 1550 nonnullis
1018 1514 1231 1550 amicitiam
1253 1514 1398 1550 iunxit.

233 1579 373 1629 p.188
392 1592 431 1615 v·
450 1581 491 1619 8.
549 1581 765 1617 accuratius
792 1579 1030 1631 descriptum
1050 1581 1126 1617 iter
1145 1577 1248 1616 illud
1266 1579 1373 1631 apud
1389 1581 1563 1618 Mamer-

122 1633 281 1686 tinum'
269 1646 312 1671 m
328 1635 571 1685 Panegyrico
589 1633 795 1672 habemus.

95 1727 103 1737 .-
233 1698 289 1737 ib.
308 1713 348 1737 v.
369 1703 435 1741 16.
491 1703 661 1752 graviter
678 1703 720 1738 in
738 1702 788 1738 iis
806 1702 960 1739 literis
949 1715 990 1739 m
1011 1702 1283 1739 Constantium
1301 1701 1479 1738 invectus
1502 1685 1562 1737 est

122 1754 339 1806 (Αιιιιιιίιιιι.
341 1754 375 1806 ).
430 1758 545 1793 Italia
562 1759 647 1795 sine
663 1759 853 1807 sanguine
869 1758 910 1794 in
928 1756 1171 1794 deditionem
1186 1757 1374 1794 concessit
1401 1755 1561 1806 (Liban.

121 1823 181 1848 or.
203 1809 296 1861 22)·
286 1839 298 1858 ‚
326 1812 368 1848 in
387 1812 564 1850 Siciliam
581 1814 716 1863 copiae
733 1815 876 1850 missae
906 1811 1157 1863 (Ammian.).
1213 1825 1311 1849 num
1328 1812 1489 1849 Africa
1478 1823 1560 1847 iam

120 1872 207 1904 tum
224 1875 411 1918 occupata
432 1869 482 1906 sit
494 1897 505 1917 ,
534 1870 576 1905 in
595 1869 759 1906 obscuro
776 1869 1018 1920 reliquerunt
1037 1870 1257 1919 scriptores.

231 1922 286 1959 ib.
307 1935 348 1960 v.
362 1926 403 1964 9.
460 1922 637 1962 nondum
655 1937 747 1974 ergo
767 1932 852 1962 tum
868 1926 1092 1963 institutum
1107 1931 1209 1972 erat,
1240 1929 1283 1960 ut
1300 1923 1399 1959 alter
1414 1934 1558 1959 consu-

118 1978 206 2015 lum
226 1979 374 2016 Romae
398 1980 498 2017 alter
516 1981 630 2031 Cpoli
650 1987 864 2027 crearetur,
894 1979 1000 2032 quod
1017 1982 1190 2031 primum
1206 1980 1416 2016 sancivisse
1434 1978 1557 2015 Iulia-

119 2046 239 2082 num,
267 2034 388 2085 lege·
375 2049 418 2072 m
435 2049 517 2089 seq.
539 2037 659 2076 c.11.
688 2036 908 2074 Εεὶηεείιιε.
970 2035 1019 2073 de
1043 2036 1241 2075 Florentio
1272 2041 1311 2072 et
1334 2035 1467 2072 Tauro
1492 2033 1555 2070 vi·-

120 2088 224 2128 desis
239 2091 438 2128 Ammian-
455 2095 508 2133 21
539 2094 584 2139 6,
614 2094 669 2133 22
697 2094 736 2132 3.

229 2159 270 2196 Ρ
290 2149 368 2187 139
388 2160 429 2184 v.
451 2151 488 2187 l.
545 2154 674 2184 exstat
695 2145 824 2184 adhuc
847 2147 1024 2198 Epistola
1044 2147 1188 2184 Iuliani
1208 2144 1259 2183 ad
1278 2143 1552 2190 Athenienses,

118 2204 321 2252 egregium
351 2200 536 2240 historiae
567 2204 680 2240 istius
707 2205 895 2253 temporis
919 2209 1232 2240 monumentum.
1287 2213 1412 2252 pauca
1434 2201 1555 2235 etiam

119 2269 174 2294 ex
189 2258 352 2308 epistola
371 2258 423 2295 ad
438 2257 660 2296 Corinthios
677 2265 885 2310 supersunt
899 2258 943 2296 in
957 2260 1070 2310 epist.
1090 2261 1142 2301 13
1156 2259 1314 2296 Iuliani.
1350 2255 1401 2293 cf.
1411 2255 1554 2292 Liban.

118 2325 176 2350 or.
194 2315 221 2352 7
245 2319 275 2349 t.
298 2315 326 2354 2
349 2313 412 2351 ed.
433 2315 586 2351 Morell.

228 2367 283 2405 ib.
305 2381 344 2405 v.
365 2370 406 2410 4.
462 2370 511 2406 ab
528 2370 708 2420 Eunapio
725 2370 767 2406 in
784 2371 883 2406 Exo.
903 2368 952 2407 de
965 2371 1063 2420 Leg.
1082 2368 1251 2416 additur,
1280 2364 1389 2418 quod
1406 2364 1554 2401 multae

118 2421 172 2473 ad
189 2437 281 2461 eum
297 2425 514 2476 legationes
531 2427 675 2463 missae
693 2432 732 2462 et
750 2438 916 2463 coronae
936 2426 1089 2463 oblatae
1106 2426 1264 2462 fuerint-

229 2479 282 2517 ib·
306 2492 346 2518 v·
373 2483 437 2521 13.
493 2482 762 2528 Constantius,
803 2494 923 2532 quem
954 2488 1129 2532 tempore
1170 2480 1240 2516 illo
1276 2477 1428 2513 bellum
1462 2487 1553 2512 cum

117 2535 247 2573 Persis
274 2536 316 2572 in
345 2537 502 2574 Oriente
527 2538 707 2584 tenebat,
736 2537 900 2575 simulac
928 2537 1102 2574 adversis
1130 2540 1333 2572 avocatum
1361 2533 1552 2582 Saporem

118 2591 301 2640 ⁸3¹⁸P5051⁸
322 2593 452 2642 mpias
471 2592 683 2630 abduxisse
698 2591 883 2641 audisset,
913 2594 1075 2631 collecto
1092 2592 1175 2628 fere
1195 2589 1304 2626 omni
1318 2588 1455 2624 robore
1477 2585 1553 2622 ad-

116 2658 252 2683 versus
282 2648 479 2687 Iulianum
508 2650 583 2688 iter
610 2649 829 2701 ingressus,
858 2649 995 2688 morbo
1021 2650 1063 2686 in
1093 2646 1236 2684 finibus
1263 2643 1422 2683 Ciliciae
1440 2642 1553 2680 obiit.

117 2701 318 2740 Ammian.
