1774 3002
627 92 991 152 Dlsomsss‘loz
1382 107 1532 141 mvn
1552 135 1557 142 .

87 213 404 260 :timialia-ti
428 225 563 259 essent
587 224 629 257 et
656 215 709 256 ad
733 217 836 255 iram
861 217 987 267 versi,
1014 214 1531 258 indiscrimineversariet

88 286 142 327 ad
152 288 458 328 ruinmrerum
471 286 654 326 inclinari
668 298 754 324 rem
768 285 972 337 publicam
985 286 1271 324 existimarem.
1328 298 1450 338 quare
1465 292 1532 326 to·-

86 362 174 396 tua
194 355 300 396 mad
319 354 677 408 reprehensionum
702 366 829 405 genus
853 352 1047 402 concidit3
1074 365 1218 406 neque·
1233 351 1374 392 deletis
1395 361 1435 392 et
1449 362 1530 393 ‘ex-

85 424 243 476 puwtis
270 424 368 463 locis
393 425 444 463 iis
468 423 611 477 quibus
628 423 746 461 istam
763 423 1001 460 sententiam
1019 420 1253 470 declaravit,
1282 423 1531 473 superstitio-

84 491 171 542 nis,
198 503 222 529 a
240 503 320 545 qua
335 492 412 531 ista
429 492 604 544 profecta
622 497 756 539 erant,
783 490 913 527 ullum
926 490 1139 541 vestigium
1155 489 1275 540 paulo
1293 491 1530 529 eminentius

84 559 380 611 uper-rutum-
406 571 495 598 esse
514 566 714 611 putamus.
769 556 877 610 quod
895 564 939 596 ut
956 564 1067 596 tanto
1083 558 1214 609 magis
1232 564 1403 607 constet,
1432 570 1531 609 age-

85 624 182 664 dum
199 624 463 678 dispicims
489 638 541 664 an
568 639 615 665 eo
648 624 959 664 Christianorum
983 626 1167 664 Zosimus
1198 626 1383 664 incensus
1410 626 1530 664 fuerit

83 691 211 748 (ulio,-
225 700 273 732 ut
285 692 506 733 non-modo
520 695 668 733 nimius
685 694 727 731 in
745 691 971 732 laudatione
989 694 1206 732 amicorum
1223 700 1263 732 et
1282 692 1527 732 adversario-

82 754 502 813 num-reprehensione
523 768 647 811 esset,
673 774 812 800 verum
833 756 992 814 quoqne
1014 767 1060 800 ut
1081 774 1128 800 ea
1153 774 1255 814 quae
1280 762 1362 799 suis
1383 762 1528 800 infesta

82 833 123 866 et
148 827 283 866 ime
310 841 449 868 eorum
476 828 663 878 adversa,
690 830 803 867 utilia
834 830 1005 868 inimicis
1034 836 1183 878 essent,
1211 829 1369 867 silentio
1391 830 1528 880 oppri-

81 902 228 945 meret,
255 902 296 935 et
323 896 433 950 quod
459 899 683 936 maximum
712 899 860 935 crimen
887 904 968 945 est,
995 895 1186 936 mutando
1211 895 1354 935 callide
1371 903 1411 934 et
1431 896 1529 934 sub-

80 959 175 1000 dole
192 974 256 1001 ras
274 963 546 1016 autfingendo
563 964 771 1005 mendacia
791 972 832 1005 et
854 972 1075 1004 commenta
1100 964 1309 1014 scriberet,
1337 965 1526 1017 gravissi-
1550 975 1586 1010 p·
1612 973 1717 997 ¹¹¹¹!

0 1047 6 1056 ·
80 1040 226 1083 meque
246 1027 348 1070 adeo
362 1031 486 1071 fidem
505 1040 711 1072 everteret.

190 1098 399 1146 Quomodo
422 1107 600 1139 versatus
620 1102 670 1140 sit
689 1108 755 1139 aut
777 1098 1102 1153 reprehendendo
1120 1107 1189 1138 aut
1204 1098 1403 1138 laudando
1415 1129 1427 1150 ‚
1457 1101 1528 1139 ubi

80 1163 167 1204 eius
190 1166 249 1203 rei
267 1169 540 1219 opportunitas
559 1167 650 1206 data
670 1175 795 1218 esset,
823 1170 860 1207 si
880 1166 1121 1206 advertimus
1139 1169 1338 1216 ammam,
1364 1169 1407 1205 in
1434 1169 1528 1206 uni·

81 1244 239 1271 versum
255 1232 419 1286 quidem
437 1235 706 1288 intelligemus
723 1236 950 1284 zosimum,
977 1235 1053 1274 etsi
1067 1236 1303 1288 plerumque
1320 1234 1465 1274 iudicio
1483 1237 1526 1274 in

80 1305 289 1352 utrumque
311 1308 469 1352 partem
496 1302 711 1351 abstineat,
740 1301 794 1340 ad
818 1303 916 1340 vitia
942 1309 1078 1340 tamen
1102 1309 1142 1340 et
1163 1315 1285 1354 prave
1304 1303 1432 1353 facta,
1460 1305 1527 1341 in-

78 1367 218 1418 primis
233 1368 277 1406 in
292 1369 593 1420 imperatoribus
610 1369 856 1418 Christianis,
884 1368 1115 1408 insectanda
1130 1371 1406 1421 procliviorem
1425 1385 1526 1422 esse,

78 1447 201 1486 quam
228 1434 282 1474 ad
305 1438 471 1478 viantes
497 1445 537 1475 et
561 1439 762 1489 praeclare
790 1439 895 1475 facta
921 1435 1108 1475 laudibus
1137 1438 1393 1487 celebranda3
1424 1452 1527 1492 quae

77 1501 349 1554 quidun-eius
369 1503 422 1542 ad
437 1506 692 1557 acerbitatem
707 1506 956 1557 propensius
969 1517 1052 1543 non
1067 1506 1197 1556 magis
1215 1506 1264 1543 ab
1280 1506 1431 1544 invidia
1448 1508 1527 1544 ali-

78 1581 160 1621 qua
176 1568 488 1611 Christianorum
504 1586 627 1626 quam
647 1586 781 1611 mrum
799 1571 1083 1627 narrandarum
1109 1573 1311 1611 atrocitate
1334 1581 1375 1611 et
1394 1573 1527 1612 foedi·

78 1643 161 1674 tate
185 1639 388 1692 animique
411 1640 506 1679 inde
533 1647 730 1680 contracta
756 1640 915 1677 tristitia
942 1646 1027 1676 orta
1045 1638 1215 1677 videtur.
1274 1641 1526 1680 Constantius

78 1704 187 1742 enim
214 1711 255 1744 et
280 1705 557 1757 Theodosius,
595 1721 695 1761 quos
720 1714 897 1745 auctores
922 1707 1071 1744 sciebat
1096 1719 1182 1751 esse
1203 1707 1399 1745 malorum
1424 1721 1527 1761 quae

78 1771 138 1808 rei
165 1772 351 1823 publicae
378 1787 453 1825 per
480 1776 647 1812 militiae
665 1789 711 1813 ac
727 1788 886 1813 morum
904 1775 1144 1826 corruptelas
1165 1776 1376 1825 importata
1399 1783 1524 1825 erant,

78 1839 236 1878 etiamsi
262 1838 510 1880 christianae
535 1843 738 1893 religionis
763 1843 933 1880 cultores
952 1843 1117 1894 eiusque
1137 1841 1415 1880 adsciscendae
1434 1844 1525 1882 aliis

76 1913 257 1946 auctam
272 1921 356 1946 non
374 1910 643 1958 exstitissent,
670 1917 803 1947 tamen
823 1911 865 1946 in
879 1922 1019 1960 graves
1042 1908 1368 1960 reprehensiones
1388 1911 1524 1948 incur-

76 1987 164 2013 rere
193 1973 404 2014 debebant.
461 1984 635 2014 attamen
662 1978 706 2014 in
734 1977 852 2015 rebus
874 1977 1123 2015 Constantini
1148 1975 1377 2015 enarrandis
1401 1979 1523 2016 nimis

74 2041 371 2082 stomachum
403 2057 496 2082 eum
529 2058 616 2082 esse
643 2043 860 2093 credimus,
903 2045 1086 2096 inprimis
1122 2044 1191 2081 ubi
1226 2046 1402 2096 perversi
1431 2059 1523 2083 eum

75 2110 202 2147 animi
217 2116 259 2148 et
275 2111 466 2150 malitiosi
489 2113 612 2164 paulo
635 2113 813 2163 asperius
841 2112 1042 2163 inculpat3
1069 2111 1287 2150 Arcadium
1311 2119 1445 2150 autem
1471 2113 1522 2150 ob

74 2175 332 2216 stoliditatem
344 2178 548 2230 indignius
566 2192 687 2232 quam
704 2192 777 2230 par
793 2186 876 2216 erat
893 2180 1102 2229 exagitari.
1158 2193 1213 2217 ex
1230 2179 1383 2218 diverso
1399 2181 1523 2218 Iulia·—

73 2257 175 2281 num
204 2251 300 2297 quot
326 2249 563 2299 quantisque
587 2245 807 2284 exomandi
832 2245 1018 2284 laudibus
1043 2247 1094 2284 ob
1121 2248 1323 2298 praeclara
1348 2248 1523 2284 facinora

74 2312 236 2350 Zosimo
253 2313 365 2363 copia
380 2313 472 2351 data
487 2316 584 2362 fuit,
611 2313 871 2352 nihilominus
888 2315 931 2351 in
952 2315 1091 2352 eximii
1109 2321 1177 2352 aut
1191 2315 1328 2365 magni
1340 2343 1351 2362 ‚
1380 2326 1523 2365 quem-

74 2377 291 2416 admodum
315 2380 364 2416 ab
389 2381 476 2432 ipso
502 2379 772 2432 praedicatur,
800 2383 1048 2433 imperatoris
1065 2382 1148 2419 vita
1166 2379 1383 2419 enarranda
1403 2379 1524 2417 exhi-

73 2446 161 2483 buit
177 2459 221 2484 se
238 2453 278 2484 et
293 2447 337 2483 in
354 2447 555 2486 laudando
573 2447 798 2486 modestum
813 2456 852 2486 et
866 2450 911 2486 in
928 2448 1152 2487 iudicandis
1172 2450 1410 2499 religionum
1428 2460 1524 2485 cau-

73 2513 129 2550 sis
148 2514 244 2552 satis
260 2527 455 2566 aequum,
483 2517 519 2553 si
534 2515 721 2568 quidem,
749 2523 1025 2569 praeterquam
1049 2515 1159 2568 quod
1180 2516 1307 2553 obiter
1326 2516 1409 2552 sere
1429 2528 1525 2553 sen-

74 2581 241 2619 tentiam
268 2583 356 2620 eius
385 2595 410 2619 a
439 2581 661 2622 Christiano
693 2585 803 2622 cultu
832 2583 1110 2622 abhorrentem
1141 2589 1446 2631 commemorat,
1476 2596 1523 2620 ea

49 2662 53 2666 ’
73 2660 177 2699 quae
210 2648 432 2688 revocanda
462 2663 573 2688 sacra
599 2651 798 2689 maiorum
818 2652 1043 2689 instituerat
1069 2663 1151 2688 non
1183 2647 1304 2687 modo
1332 2662 1413 2688 non
1431 2650 1525 2688 lau·

74 2713 207 2765 davit,
233 2716 306 2755 sed
324 2730 377 2755 ne
396 2719 639 2757 mentionem
661 2717 824 2770 quidem
846 2731 984 2756 eorum
1002 2718 1110 2755 fecit.
