1812 3016
298 85 396 132 418
841 87 1198 134 REITEMEIERI

299 200 418 239 chum
449 199 579 250 copias
609 195 795 234 adversus
823 198 991 234 Romam
1018 195 1182 236 duxisse
1203 211 1285 238 non
1307 201 1565 254 ignorabant,
1591 203 1664 243 sed
1687 217 1737 244 an

299 255 429 295 adhuc
457 253 563 308 (ἔτι)
593 254 637 290 in
661 254 793 290 castris
816 261 1056 306 versaretnr‚
1088 254 1332 295 dubitabant.
1387 259 1450 296 H.

408 337 449 374 p.
468 321 549 363 305
572 334 610 358 v.
629 319 669 361 4.
727 319 808 357 vid.
829 319 893 356 hic
912 320 990 371 leg.
1016 323 1067 362 12
1086 334 1120 359 c.
1139 320 1219 360 Th.
1240 321 1290 360 de
1307 322 1499 364 Mathem.
1518 326 1562 364 in
1583 327 1737 366 Comm-

299 378 400 418 adde
425 385 506 416 not.
529 378 554 415 b
576 377 656 428 leg.
679 379 700 416 1
722 375 770 413 de
790 389 933 427 pagan.
991 377 1134 415 thcer.
1406 386 1409 387 ’

407 445 462 483 ib.
481 458 520 483 v.
543 446 583 484 6.
644 443 836 495 Νεβηῖαν.
893 444 1135 482 Sozomenus
1167 446 1193 484 9
1223 446 1248 484 6
1276 445 1461 498 Λαρνίαν
1494 455 1622 486 vocat.
1677 450 1737 487 Io.

295 504 470 553 Laugius
500 500 577 552 (ad
594 498 860 550 Nicephorum
879 499 931 540 35
962 499 1040 550 13)
1068 501 1221 538 mavult
1239 502 1281 538 in
1302 502 1521 542 Sozomeno
1540 504 1736 559 Ναρνίαν,

294 560 440 598 Ortelio
460 560 501 594 in
520 556 644 594 Thes.
663 557 806 605 Geogr.
827 555 1081 605 approbante.

402 625 456 662 ih.
479 638 517 662 v.
542 627 605 664 10.
664 620 747 662 ἐπεὶ
765 619 807 660 δὲ
821 619 894 672 τήν
912 625 1137 673 κρατοῦσαν
1155 619 1254 662 κατά
1269 626 1367 664 νοῦν
1383 621 1581 678 ἐλάμβανε
1597 623 1734 679 δόξαν,

289 681 331 721 h.
352 697 387 720 e.
410 677 732 734 quandoquidem
751 677 1015 728 Pompeianus
1037 677 1279 717 Christianus
1305 687 1400 718 erat.
1455 683 1516 719 Η.

403 749 457 786 ib.
477 762 515 785 v.
539 751 601 788 12.
655 741 918 792 Ἰννοκέντιος.
976 743 1058 783 vid.
1079 746 1229 784 Comm.
1249 744 1346 784 adl.
1364 750 1416 789 17
1436 761 1471 786 c.
1489 747 1570 788 Th.
1595 747 1644 787 de
1664 751 1733 788 Iu.

291 805 416 843 daeis.
446 806 590 841 linter.
651 802 702 839 cf.
722 802 795 838 inf.
819 815 851 838 c.
869 799 937 842 45.
994 802 1055 838 H.

401 871 454 909 ib.
479 885 517 909 v.
539 868 604 911 14.
664 867 874 905 sozomen.
902 867 931 904 1.
955 881 988 905 c.
1016 866 1064 906 de
1087 869 1351 920 Pompeiano:
1380 873 1463 918 τοῖς
1491 868 1733 922 ἑλληνίζουσι

288 931 359 982 τῆς
380 923 602 981 συγκλήτου
622 920 741 963 θύειν
761 922 803 963 ἐν
821 925 878 976 τῷ
896 925 1136 978 Καπιτωλίῳ
1153 924 1221 965 καὶ
1237 929 1319 973 τοῖς
1336 922 1470 975 ἅλλοις
1486 931 1611 975 ναοῖς.

399 1009 440 1046 p.
470 996 550 1035 306
580 1006 619 1029 v.
651 993 690 1031 1.
766 990 974 1028 observatu
1009 989 1151 1042 dignae
1192 998 1284 1029 sunt
1324 1006 1410 1042 res,
1467 1005 1565 1045 quas
1598 993 1732 1030 Alari-

287 1050 384 1089 chus
421 1052 497 1089 sibi
535 1048 743 1099 stipulatus
784 1053 843 1084 est
879 1053 1070 1099 tauquam
1100 1049 1277 1085 maxime
1305 1049 1571 1101 exoptabiles,
1609 1055 1732 1087 vestes

285 1109 431 1145 sericas
459 1106 586 1150 4000,
621 1104 728 1140 coria
762 1103 937 1139 coccineo
965 1103 1091 1140 colore
1115 1105 1239 1141 tincta
1267 1106 1394 1150 3000,
1427 1105 1576 1155 piperis
1603 1104 1731 1142 libra-

283 1178 375 1201 rum
410 1165 533 1203 3000.
604 1161 724 1197 etiam
760 1159 959 1209 proportio
994 1161 1087 1196 auri
1118 1160 1176 1197 ad
1205 1167 1416 1211 argentum
1447 1161 1729 1209 memorabilis,

284 1220 394 1260 5000
415 1219 538 1254 librae
560 1218 645 1254 auri
665 1222 703 1252 et
723 1217 859 1256 30000
881 1216 1046 1265 argenti.
1101 1222 1231 1266 potest
1254 1215 1418 1254 tandem
1440 1215 1535 1254 hinc
1562 1215 1611 1254 de
1640 1217 1729 1268 opi-

284 1275 358 1312 bus
394 1281 433 1311 et
468 1273 614 1310 divitiis
641 1272 749 1308 urbis
770 1269 961 1307 iudicium
980 1271 1087 1308 fieri:
1117 1270 1260 1322 quodsi
1280 1272 1438 1309 barbari
1456 1279 1659 1310 monetam
1676 1285 1728 1310 ex

283 1329 347 1367 his
374 1330 546 1367 metallis
575 1325 860 1378 procuderunt,
891 1333 1037 1377 quanta
1064 1328 1167 1364 iuter
1192 1341 1258 1365 eos
1277 1327 1486 1366 succedere
1508 1327 1642 1366 debuit
1662 1342 1729 1366 re-

282 1399 372 1422 rum
393 1382 615 1422 conversio!
646 1395 742 1419 nam
760 1381 896 1418 confici
914 1380 1007 1418 hinc
1031 1389 1183 1432 poterat
1203 1396 1256 1420 ex
1278 1396 1372 1421 auro
1392 1383 1555 1435 quidem
1571 1397 1728 1422 summa

280 1441 448 1482 225000
477 1452 684 1477 aureorum
708 1438 725 1489 (
738 1436 814 1474 duo
843 1439 950 1474 aurei
977 1438 1060 1475 fere
1084 1451 1246 1475 aureum
1267 1438 1529 1477 Ludovicium
1547 1447 1728 1478 nostrum

281 1495 501 1549 aequant),
543 1508 596 1533 ex
629 1500 789 1546 argento
816 1506 909 1545 vero
935 1495 1099 1534 300000
1126 1493 1278 1532 denarii
1313 1495 1442 1547 (circa
1469 1495 1606 1537 50000
1632 1494 1726 1547 tha-

278 1554 396 1590 leror.
430 1567 466 1590 .·
550 1579 559 1588 .

389 1551 443 1655 ἐξ).
466 1553 566 1659 γῆς.
624 1616 839 1656 Palladius
852 1617 897 1654 P.
915 1615 962 1654 P.
981 1615 1127 1663 3.,410.
1170 1619 1453 1671 v-Prosopogr.
1467 1616 1555 1657 cod.
1565 1617 1724 1659 Theod.

279 1681 319 1713 et
336 1676 569 1713 Tillemont.
590 1675 619 1712 l.
640 1689 673 1712 c.
693 1681 786 1712 nota
803 1675 856 1715 31
876 1686 917 1724 Ρ.
934 1674 1031 1714 813.
1086 1675 1148 1711 H.

390 1741 445 1779 ib.
469 1756 507 1780 v.
530 1744 595 1784 18.
652 1737 946 1792 (ἐπεκόσμησαν.
1004 1739 1131 1778 vid.1.
1153 1742 1204 1782 19
1224 1739 1272 1779 de
1291 1753 1435 1793 pagan.
1493 1740 1636 1780 Ritter.

388 1823 429 1861 Ρ.
448 1812 528 1851 307
549 1823 588 1847 v.
611 1811 677 1850 10.
736 1808 786 1846 cf.
806 1808 1015 1846 Sozomen.
1037 1808 1066 1845 l.
1087 1821 1121 1845 c.
1141 1808 1373 1860 Hieronym.
1394 1822 1457 1860 ep.
1477 1811 1504 1850 2
1535 1810 1603 1849 16.

387 1888 428 1925 Ρ.
449 1878 528 1916 308
546 1889 585 1914 v.
607 1876 647 1916 5.
707 1874 756 1912 de
799 1875 1044 1912 Constantini
1085 1874 1282 1925 legatione
1322 1874 1374 1912 ad
1412 1877 1632 1914 Honorium
1669 1877 1722 1914 cf.

278 1930 549 1981 Olympiodor.
606 1932 787 1968 Ritterus
813 1929 922 1967 adire
952 1931 1061 1968 iubet
1088 1931 1240 1968 Comm.
1268 1929 1319 1967 ad
1346 1931 1375 1967 l.
1401 1931 1474 1969 ult.
1502 1944 1537 1969 c.
1561 1930 1643 1970 Th.
1671 1931 1722 1970 de

277 1986 447 2023 malefic.
469 1993 506 2023 et
525 1986 731 2035 mathem„
762 1994 800 2023 et
819 1985 867 2023 de
886 1999 1052 2024 numero
1071 1987 1294 2037 legatorum
1311 1985 1479 2037 diverso,
1510 1999 1612 2040 quae
1629 1995 1721 2027 sunt

276 2043 481 2080 observata
502 2054 524 2078 a
543 2041 783 2080 Gothofredo
801 2041 851 2079 ad
869 2042 898 2078 l.
918 2045 942 2083 3
968 2041 1017 2079 de
1040 2043 1162 2093 legat.

388 2107 444 2144 ib.
475 2121 513 2145 v.
542 2111 610 2148 22.
669 2109 720 2145 cf.
756 2109 965 2146 Sozomen.
996 2110 1021 2148 9
1058 2113 1100 2151 7.
1155 2108 1307 2145 inimici
1337 2120 1496 2161 quoque
1527 2110 1717 2162 Alai-iclxi,

278 2175 357 2215 quo
373 2165 505 2201 minus
525 2177 607 2215 pax
629 2166 812 2213 iniretur,
841 2163 1123 2215 impedimento
1141 2165 1313 2201 fuerunt.
1716 2166 1731 2173 ‘

387 2244 428 2281 p.
450 2233 529 2271 309
553 2245 591 2268 v.
610 2235 650 2274 3.
709 2230 757 2268 de
784 2230 996 2269 Theodoro
1020 2231 1102 2269 vid.
1122 2233 1357 2282 Prosopogr.
1379 2244 1412 2269 c.
1430 2230 1511 2270 Th.
1567 2235 1713 2274 mter.

388 2295 442 2333 ib.
502 2295 584 2333 vid.
604 2296 669 2335 hic
687 2298 715 2335 l.
733 2301 788 2339 22
808 2297 893 2335 cod.
912 2297 993 2336 Th.
1014 2297 1062 2336 de
1083 2299 1221 2336 bonor.
1239 2311 1386 2350 proscr.
1445 2299 1588 2338 Κίτιον.

388 2362 443 2400 ib.
465 2377 504 2400 v.
523 2362 588 2404 14.
645 2363 823 2414 καθέδρα
842 2364 884 2402 h.
901 2366 929 2402 1.
949 2363 997 2402 de
1015 2367 1177 2412 stativis,
1208 2377 1308 2417 quae
1322 2366 1431 2403 notio
1446 2369 1630 2417 proxime
1647 2381 1715 2406 ac-

277 2417 382 2457 cedit
400 2418 451 2456 ad
466 2420 578 2456 illam
595 2418 911 2470 Thucydideam,
934 2428 978 2458 ut
992 2423 1055 2470 sit,
1078 2433 1202 2459 mora.
1245 2433 1283 2458 v.
1304 2419 1410 2458 Duk.
1429 2421 1481 2459 ad
1495 2425 1524 2463 2
1554 2425 1621 2464 19.
1649 2425 1710 2462 Η.

387 2499 427 2536 Ρ.
449 2487 531 2527 310
549 2500 588 2524 v.
609 2490 647 2529 6.
705 2485 787 2524 vid.
818 2485 883 2523 hic
909 2489 979 2524 lex
1005 2490 1059 2529 22
1089 2500 1123 2524 c.
1153 2485 1232 2525 Th.
1264 2486 1313 2524 de
1343 2489 1480 2526 bonor.
1506 2492 1713 2542 proscript.

277 2542 430 2579 Comm.
460 2543 603 2580 Rilter.
663 2556 743 2580 non
769 2541 903 2580 dubito
924 2542 1220 2596 δεδημευμένων
1240 2556 1324 2581 esse
1342 2543 1575 2594 legendum,
1605 2546 1713 2598 quod

273 2598 447 2647 postulat
479 2611 566 2649 sup.
596 2612 629 2635 c.
659 2598 725 2639 35.
782 2597 854 2636 sed
888 2599 1055 2636 alterum
1089 2596 1156 2639 <5102
1191 2596 1265 2650 τήν
1288 2602 1530 2652 Στελίχωνος
1555 2598 1711 2651 ου’σίαν,

272 2653 342 2688 ubi
363 2654 501 2690 ultima
520 2667 600 2691 vox
619 2668 670 2691 ex
690 2655 887 2705 superlore
906 2668 1022 2691 versu
1043 2651 1180 2702 ου’σίας
1199 2661 1292 2692 nata
1311 2661 1389 2704 est,
1419 2657 1490 2692 vix
1508 2656 1709 2708 expedias,

273 2720 363 2745 cum
390 2709 503 2759 plura
531 2711 713 2750 substitui
742 2711 914 2762 possiut3
951 2711 1178 2763 proximum
1203 2710 1305 2749 foret
1333 2712 1564 2754 συνουσίαν.
1616 2726 1709 2752 nam
