1774 3002
220 93 281 138 88
847 91 1041 136 ZOSIMI

219 211 392 260 συνεχεῖς
421 202 581 260 έχοντα,
614 202 823 249 καλύπτειν
853 205 947 257 τοὺς
978 205 1087 255 ἐντὸς
1121 203 1238 255 ὄντας
1267 203 1399 249 αὐτῶν
1426 203 1658 259 δυναμένας,

218 274 496 328 ἐγκατέστησεν
518 270 663 316 αὐτόθι
687 274 826 325 πεζοὺς
846 275 918 328 μὲν
943 272 1107 324 τοξότας
1135 273 1489 327 πεντακισχιλίους,
1520 273 1660 323 ἱππέας

219 342 262 383 δὲ
285 339 537 396 ὀγδοήκοντα.
605 339 760 383 δώδεκα
781 342 823 384 δὲ
841 341 1087 397 παραλαβών
1115 340 1254 390 ἱππέας
1260 372 1273 391 ,
1308 339 1394 394 ἅμα
1412 338 1566 390 τούτοις
1590 339 1659 382 διὰ

218 413 292 451 τοῦ
310 412 461 460 στενοῦ,
491 408 592 451 καθ’
621 408 643 450 ὃ
656 408 831 462 μάλιστα
852 409 1043 462 διαβατὸς
1065 406 1280 462 ὃποταμὸς
1298 402 1361 462 ἦν,
1393 405 1572 463 ὖπερβάς
1590 406 1658 449 τὸν

211 475 358 532 τἘβρον
389 475 582 531 ἀδόκητος
608 478 787 530 ἐμπίπτει
813 484 897 526 τοῖς
923 477 1146 530 πολεμίοις,
1182 474 1282 518 ὥστε
1298 481 1428 518 πεσεῖν
1445 475 1518 529 μέν
1535 479 1691 525 τινας,5

219 543 391 593 πολλοὺς
414 545 457 586 δὲ
490 550 626 600 φυγεῖν
653 543 956 601 προτροπάδην,
985 544 1080 594 τοὺς
1108 544 1149 585 δ’
1179 542 1325 592 ἄλλους
1342 542 1441 599 πρὸς
1455 541 1500 584 τὸ
1526 543 1662 598 αἲφνί-

221 613 305 653 ὄιον
329 612 725 666 καταπεπληγμένους
756 611 917 655 ἑστάναι
940 610 1151 666 κεχηνότας
1180 611 1242 652 ε’πὶ
1263 614 1322 667 τῷ
1342 614 1413 663 τῆς
1438 607 1662 663 διαβάσεως

220 677 415 735 ἀδοκήτῳ.
484 679 548 721 ἐπ’
579 679 715 730 ἀδείας
749 681 791 722 δὲ
820 682 885 722 καὶ
915 684 994 722 τῶν
1027 679 1158 723 ἄλλων
1186 678 1333 720 ἱππέων
1360 677 1663 734 περαιωθέντων

218 748 285 787 καὶ
321 745 410 799 ἑξῆς
441 745 589 796 παντὸς
617 752 689 788 τοῦ
723 746 1019 804 στρατεύματος
1029 779 1042 798 ,
1081 746 1205 796 πολὺς
1243 746 1317 799 μὲν
1354 745 1500 801 ἐγένετο
1541 742 1663 801 φόνος

1769 102 1774 178 l]

1771 183 1774 235 l

1764 509 1774 607 'l

221 813 388 868 (ἔπεσον
406 814 481 869 γὰρ
498 813 691 870 μυριάδες
711 832 788 856 που
807 822 910 871 τρεῖς
932 817 997 857 καὶ
1018 812 1362 870 τετρακισχίλιοι),
1388 816 1460 854 τοῦ
1480 810 1592 867 ἡλίου
1616 811 1659 853 δὲ
1673 816 1716 850 1⁰
1765 827 1771 873 {

221 881 320 937 πρὸς
337 879 449 923 δύσιν
469 880 582 931 ὄντος
599 880 620 923 ὅ
640 883 713 936 μὲν
734 884 1034 932 Κωνσταντῖνος
1065 879 1169 936 [ὡς]
1201 878 1399 934 ἐλάμβανε
1419 880 1470 922 τὰ
1491 876 1662 936 στρατόὸ

221 950 344 999 neda,
378 950 587 998 Λικίννιος
606 950 648 992 δέ
657 982 670 1001 ,
705 948 824 1001 ὅσους
844 948 927 1000 οἷός
949 967 989 992 τε
1013 949 1142 1005 γέγονε
1161 952 1240 990 τῶν
1264 949 1415 990 οῗκείων
1437 945 1663 1001 ἀναλαβών,

215 1015 362 1069 ἤλαυνε
397 1017 464 1058 διὰ
493 1021 564 1070 τῆς
589 1016 753 1076 Θρᾴκης
767 1050 779 1069 ,
815 1016 869 1067 ὥς
898 1016 947 1060 ἂν
974 1017 1019 1059 τὸ
1044 1015 1227 1060 ναυτικὸν
1254 1014 1490 1068 καταλάβοι.
1557 1014 1661 1070 (23)

218 1082 371 1139 ἡμέρας
398 1085 440 1126 δὲ
467 1086 697 1139 γενομένης,
739 1084 882 1135 πάντες
918 1084 1004 1127 ὅσοι
1033 1088 1106 1127 τοῦ
1131 1084 1342 1127 Λικιννίου
1367 1080 1663 1139 στρατεύματος

221 1152 325 1193 κατὰ
350 1151 395 1192 τὸ
423 1151 516 1207 ὄρος
544 1151 570 1205 ἢ
604 1155 659 1203 εἷς
690 1152 899 1210 φάραγγας
929 1152 1066 1206 ἔτυχον
1090 1149 1336 1208 πεφευγότες,
1362 1151 1546 1200 ἐξέδοσαν
1568 1147 1663 1191 ἕαυ-
1675 1155 1719 1193 15

223 1219 317 1269 τοὺς
334 1220 623 1277 Κωνσταντίνῳ
644 1221 745 1274 μετὰ
764 1226 842 1263 τῶν
863 1220 1186 1276 ἀπολειφθέντων
1204 1223 1275 1271 τῆς
1290 1219 1501 1260 Λικιννίου
1524 1221 1667 1273 φυγῆς.

357 1287 568 1329 Λικιννίου
598 1288 641 1331 δὲ
671 1287 866 1344 φυγόντος
897 1289 952 1336 εἷς
985 1287 1030 1328 τὸ
1056 1284 1286 1337 Βυζάντιον,
1321 1283 1343 1326 ὃ
1365 1287 1668 1333 Κωνσταντῖνος

223 1351 389 1395 κατόπιν
419 1352 556 1409 ἐχώρει
584 1357 649 1397 καὶ
680 1355 725 1397 τὸ
753 1353 973 1406 Βυζάντιον
999 1351 1230 1409 ἐπολιόρκει.
1297 1356 1371 1394 τοῦ
1396 1353 1439 1396 δὲ
1466 1355 1666 1402 ναυτικοῦ,

223 1419 408 1477 καθάπερ
425 1421 580 1477 εἴρηταί
597 1439 666 1475 μοι
675 1454 688 1473 ‚
713 1427 785 1464 τοῦ
801 1423 873 1475 μὲν
895 1424 1099 1478 Πειραιῶς
1119 1418 1403 1469 ἐκπλεύσαντος
1423 1421 1478 1469 εἷς
1503 1420 1546 1461 δὲ
1561 1421 1667 1462 Μα-

223 1490 402 1530 κεδονίαν
436 1487 693 1543 ὅρμιζομένου
723 1490 1016 1544 μεταπέμπεται
1040 1488 1133 1538 τοὺς
1156 1485 1421 1544 ναυάρχουςὸ
1446 1489 1722 1530 vaotav-zo

225 1562 351 1606 τῖνος,
387 1556 428 1597 ἒν
453 1560 508 1612 τῷ
533 1555 701 1610 στόματι
735 1561 807 1601 τοῦ
825 1555 1117 1610 Ἑλλησπόντου
1146 1555 1219 1605 τὰς
1251 1559 1349 1604 ναῦς
1370 1555 1668 1611 παραγενέσθαι

224 1621 424 1672 κελεύσας.
492 1624 733 1680 ἀφικομένου
772 1625 815 1666 δὲ
845 1628 917 1667 τοῦ
944 1622 1087 1666 στόλου
1116 1622 1220 1666 κατὰ
1245 1622 1291 1664 τὸ
1320 1622 1598 1678 προσταχθέν,
1628 1621 1668 1664 οἱ

223 1691 296 1745 μέν
327 1693 631 1734 Κωνσταντίνου
667 1693 880 1749 στρατηγοὶ
913 1690 1055 1745 μόναις
1098 1688 1341 1745 ὀγδοήκοντα
1373 1687 1668 1745 τριακοντόροις

315 1785 338 1819 3
362 1781 598 1824 ὀκτακοσίους
619 1787 657 1819 S.
794 1783 950 1828 δώδεκα]
969 1789 1143 1829 suspectus
1165 1787 1218 1818 est
1241 1784 1313 1818 iure
1328 1793 1482 1817 numerus
1497 1782 1667 1818 Gibbonio

315 1830 442 1918 ξένοις
454 1875 483 1909 L
484 1830 525 1911 1}
542 1830 625 1864 Post
639 1825 685 1876 ἤν
702 1831 732 1865 Ρ
759 1826 837 1875 ἅμα
853 1832 932 1872 τοῖς
952 1828 1134 1866 ἱππεῦσιν.
1269 1830 1292 1864 6
1313 1826 1351 1865 δ’
1366 1839 1419 1863 om
1434 1828 1522 1866 libri.
1623 1828 1671 1864 23

228 1951 347 1985 densas
362 1957 396 1985 et
411 1952 533 1986 abditis
554 1965 615 1998 per
629 1965 687 1988 eas
701 1954 853 1998 tegendis
871 1954 1022 1996 idoneas,
1036 1953 1182 1999 peditum
1197 1952 1242 1986 ibi
1259 1951 1507 1995 sagittariorum
1522 1949 1669 1996 quinque

227 1996 316 2030 milia
347 2007 418 2030 cum
452 1999 618 2042 equitibus
646 2000 818 2043 octoginta
839 2000 994 2033 collocat.
1051 1998 1171 2032 deinde
1194 1998 1334 2042 sumptis
1357 2007 1466 2030 secum
1495 1996 1670 2030 duodecim

230 2041 409 2085 equitibus,
428 2053 489 2086 per
504 2043 649 2077 fluminis
662 2044 846 2087 angustias,
861 2056 929 2088 qua
942 2043 1091 2077 transiici
1107 2042 1261 2076 facillime
1276 2046 1420 2086 poterat,
1436 2041 1551 2074 Hebro
1567 2052 1670 2085 supe-

229 2091 303 2119 rato
329 2086 527 2130 improvisus
552 2088 585 2120 in
607 2089 722 2122 hostes
738 2089 845 2122 irruit.
891 2094 959 2122 tum
985 2100 1066 2121 vero
1093 2087 1223 2132 quidam
1248 2086 1361 2127 caedi,
1385 2086 1517 2130 quidam
1533 2088 1671 2131 profuse

229 2137 327 2174 terga
342 2131 440 2172 dare,
464 2132 518 2165 alii
546 2143 624 2166 casu
647 2133 816 2178 inopinato
842 2133 953 2167 territi
977 2144 1035 2166 ore
1057 2132 1191 2165 diducto
1217 2132 1398 2165 consistere
1413 2137 1550 2176 propter
1564 2131 1671 2165 hostis

230 2177 492 2220 inexspectatarn
509 2178 593 2211 hanc
607 2178 886 2212 transiectionem.
933 2188 1005 2221 gum
1019 2177 1149 2211 interim
1165 2182 1200 2210 et
1214 2176 1344 2221 equites
1358 2177 1483 2217 ceteri,
1507 2180 1581 2210 toto
1595 2187 1670 2210 oum

231 2222 396 2263 exercitu,
418 2222 527 2255 securi
549 2223 590 2255 ad
614 2223 753 2256 alteram
780 2224 884 2269 ripum
912 2222 1108 2264 evasissent,
1130 2223 1246 2266 ingens
1264 2221 1428 2254 hominum
1445 2221 1563 2254 caedes
1579 2221 1670 2255 acci-

231 2267 294 2300 dit:
320 2277 393 2299 nam
409 2267 452 2300 ad
466 2267 605 2310 triginta
619 2273 653 2301 et
666 2274 812 2312 quatuor
827 2267 992 2301 hominum
1010 2268 1094 2300 milia
1110 2267 1314 2301 ceciderunt.
1366 2267 1428 2300 sub
1444 2277 1597 2300 occasum
1612 2277 1670 2299 so·-

232 2311 270 2345 lis
285 2317 398 2344 castra
414 2312 649 2346 Constantinus
665 2313 766 2357 cepit.
823 2312 969 2346 Licinius
992 2319 1103 2346 autem
1123 2312 1190 2346 suis
1202 2337 1214 2354 ‚
1235 2316 1400 2356 quotquot
1420 2322 1502 2345 sane
1525 2314 1670 2355 poterat,

231 2356 417 2390 recollectis
431 2368 490 2402 per
506 2357 684 2391 Thraciam
700 2359 922 2402 properabat,
946 2361 983 2390 ut
1001 2358 1045 2391 ad
1062 2357 1199 2390 classem
1213 2357 1417 2402 perveniret.
1478 2356 1573 2398 (23)
1595 2366 1670 2389 cum

230 2401 404 2444 illuxisset,
426 2413 538 2436 omnes
554 2402 711 2435 Liciniani
728 2403 865 2443 milites,
889 2402 944 2446 qui
967 2408 1103 2447 arrepta
1126 2403 1207 2445 fuga
1229 2401 1282 2435 vel
1303 2402 1337 2434 in
1351 2404 1494 2436 montem
1510 2401 1599 2434 forte
1613 2399 1671 2434 vel

229 2446 263 2480 in
279 2447 448 2480 convalles
463 2458 500 2481 se
515 2447 734 2488 contulerant,
757 2446 976 2481 Constantino
991 2460 1029 2481 se
1044 2447 1242 2482 dediderunt
1253 2473 1264 2490 ,
1288 2457 1353 2481 una
1368 2458 1440 2481 cum
1455 2445 1496 2479 iis
1511 2456 1594 2490 quos
1609 2443 1672 2479 ffi-

230 2491 335 2524 cinius
351 2492 482 2535 fugiens
496 2503 517 2525 a
531 2497 626 2536 tergo
640 2493 832 2536 reliquerat.
1618 2498 1623 2501 ’

320 2536 373 2569 Eo
398 2537 599 2580 Byzantium
620 2538 702 2580 fuga
725 2537 854 2578 delato,
881 2537 1118 2571 Constantinus
1139 2535 1299 2570 hominem
1319 2547 1340 2570 a
1355 2539 1451 2580 tergo
1467 2544 1672 2580 persequens

235 2580 431 2624 Byzantium
446 2582 588 2617 obsedit.
633 2582 699 2616 iam
714 2582 923 2616 Constantini
939 2582 1071 2623 classis,
1094 2586 1131 2615 ut
1145 2581 1303 2621 diximus,
1326 2593 1345 2613 e
1360 2582 1501 2615 Piraeeo
1523 2580 1676 2615 solverat,

233 2631 268 2657 et
284 2626 318 2659 in
340 2627 541 2662 Macedonia
563 2627 741 2662 stationem
764 2628 919 2660 habebat.
964 2627 1079 2670 itaque
1094 2627 1279 2660 navarchos
1292 2625 1446 2667 arcessit,
1467 2624 1607 2658 navibus
1624 2623 1669 2659 ad

235 2670 488 2716 Hellespontum
504 2673 623 2706 adesse
638 2672 748 2707 iussis.
800 2671 860 2705 ubi
880 2672 995 2704 classis
1016 2676 1150 2716 praesto
1167 2671 1230 2704 iam
1246 2675 1345 2709 esset,
1369 2670 1461 2704 velut
1476 2669 1670 2714 imperatum

235 2714 364 2759 fuerat,
388 2717 598 2752 Constantini
617 2718 718 2754 duces
743 2717 915 2761 octoginta
941 2716 1100 2751 duntaxat
1119 2715 1376 2762 expeditissimis
1397 2715 1560 2756 navibus,
1583 2725 1671 2759 quae
