1774 3002
28 415 223 450 Constanti-

101 472 172 497 nus,

99 908 131 932 a.
154 898 222 933 326

239 99 304 148 94
719 128 721 133 ‚
859 102 1054 146 ZOSIMI

240 213 406 268 σόμενον
434 212 579 258 αὐτόθι
606 214 680 258 σὺν
709 213 908 274 ἀσφαλείᾳ
918 247 931 267 ,
964 214 1058 269 μετ’
1081 214 1128 257 οὗ
1148 215 1250 257 πολῦ
1270 216 1366 267 τοὺς
1384 214 1529 273 ὅρκους
1545 211 1674 270 nati}-

241 299 317 332 σας
350 277 428 337 (ἦν
449 283 526 340 γὰρ
549 287 664 332 τοῦτο
682 284 792 342 αὐτῷ
808 282 1008 338 σύνηθες)
1045 281 1191 340 ἀγχόνῃ
1219 287 1293 326 τοῦ
1319 285 1387 338 ζῆν
1405 283 1527 326 αὐτὸν
1548 284 1674 341 ἀφαι-

241 357 377 406 ρεῖται.

378 417 455 462 29.
521 416 779 474 Περιστάσης
813 419 857 460 δὲ
889 423 960 472 τῆς
987 416 1119 474 πάσης
1148 420 1203 468 εἷς
1231 416 1355 472 μόνον
1377 419 1677 460 Κωνσταντῖνον

244 486 391 542 ἀρχῆς,
427 484 554 526 οὐκέτι
590 486 727 527 λοιπὸν
758 486 830 540 τὴν
853 487 957 528 κατὰ
977 485 1097 543 φύσιν
1118 487 1284 528 ἐνοῦσαν
1309 487 1418 544 ati-uf}
1434 485 1709 540 κακοήθειαν5

242 553 450 610 ἔκρυπτεν,
504 553 606 594 ἀλλὰ
643 555 812 595 ἐνεδίδου
848 559 905 611 τῷ
936 555 1027 596 κατ’
1070 556 1250 604 ἐξουσίαν
1287 554 1444 596 ἅπαντα
1478 552 1678 610 πράττειν.

243 623 383 678 ἐχρῆτο
415 623 457 662 δὲ
486 620 541 662 ἔτι
567 623 632 662 καὶ
655 628 738 671 τοῖς
762 624 941 678 πατρίοις
964 623 1083 679 ἱεροῖς
1091 654 1102 672 ,
1139 623 1185 664 οὗ
1208 626 1324 677 τιμῆς
1345 623 1456 664 ἕνεκα
1474 626 1629 675 μᾶλλον
1651 620 1679 674 ἢ

238 691 395 745 χρείας·
429 683 455 745 ᾖ
476 691 541 730 καὶ
564 687 751 742 μάντεσιν
774 691 972 741 ἐπείθετο,
1008 691 1291 747 πεπειραμένος
1312 688 1367 739 ὡς
1389 690 1526 744 ἀληθῆ
1544 695 1680 745 προεῖ-

242 774 316 798 πον
339 758 403 798 ἕπὶ
424 761 521 798 πᾶσι
541 763 623 806 τοῖς
644 758 976 812 κατωρθωμένοις
998 758 1119 815 αὐτῷ.
1187 759 1268 799 ἐπεὶ
1291 758 1332 799 δ’
1358 760 1413 807 εἷς
1433 758 1505 811 τὴν
1523 754 1680 810 Ῥώμην

1765 98 1774 134 ’ξ

1767 135 1774 197 ³

1767 203 1774 227 ς

1769 274 1774 309 i

1759 373 1771 403 k

245 825 407 881 ἀφίκετο
436 824 580 877 μεστὸς
609 823 739 879 πάσης
763 825 1015 876 ἀλαζονείας,
1052 825 1129 881 ἀφ’
1154 823 1285 874 ἑστίας
1310 824 1427 882 ᾠήθη
1452 827 1532 866 δεῖν
1556 823 1681 880 ἄρξα-
1694 832 1738 865 10
1768 820 1770 822 ’

247 896 348 934 σθαι
375 896 445 945 τῆς
475 892 669 945 ἀσεβείας.
738 894 919 948 Κρίσπον
940 893 1016 948 γὰρ
1037 895 1163 934 παῖδα
1182 897 1253 946 τῆς
1269 897 1341 934 τοῦ
1363 893 1594 948 Καίσαρος,
1630 889 1686 940 ὥς

247 961 401 1016 εἴρηταί
425 976 494 1013 μοι
525 958 735 1016 πρότερον,
778 960 1000 1010 ἀξιωθέντα
1033 965 1169 1015 τιμῆς,
1219 963 1274 1009 εἰς
1301 959 1481 1014 ὑποψίαν
1512 957 1686 1001 ἐλθόντα

246 1033 318 1070 τοῦ
341 1025 509 1083 Φαύστῃ
529 1032 578 1083 τῇ
595 1032 771 1086 μητρυιᾷ
787 1035 972 1079 συνεῖναι,
1006 1033 1078 1069 τοῦ
1096 1032 1167 1081 τῆς
1185 1027 1342 1085 φύσεως
1361 1031 1519 1081 θεσμοῦ
1533 1027 1686 1081 μηδένα

247 1095 363 1151 λόγον
386 1093 650 1149 ποιησάμενος
673 1096 811 1137 ἀνεῖλε.
879 1101 951 1150 τῆς
971 1097 1014 1138 δὲ
1035 1097 1338 1137 Κωνσταντίνου
1359 1095 1514 1151 μητρὸς
1527 1093 1687 1148 ζΕλένης

248 1166 310 1205 ἐπὶ
330 1168 387 1220 τῷ
406 1162 622 1220 τηλικούτῳ
647 1162 770 1205 πάθει
793 1163 1126 1219 δυσχεραινούσης
1146 1166 1212 1205 καὶ
1237 1163 1410 1216 ἀσχέτως
1429 1163 1501 1217 τὴν
1527 1163 1686 1218 ἅναίρε-
1698 1166 1741 1203 15

249 1249 312 1273 σιν
343 1235 415 1272 τοῦ
443 1231 529 1272 νέου
560 1230 779 1286 φερούσης,
813 1229 1180 1286 παραμυθούμενος
1208 1229 1339 1286 ὥσπερ
1371 1231 1495 1284 αὐτὴν
1519 1228 1540 1271 ὃ
1566 1230 1687 1271 Κων-

249 1305 452 1347 σταντΐνος
482 1302 591 1353 κακῷ
619 1298 663 1339 τὸ
693 1298 815 1339 κακὸν
834 1297 974 1340 ἰάσατο
995 1301 1162 1351 μείζονι·
1195 1302 1407 1352 βαλανεῖον
1426 1298 1502 1354 γὰρ
1521 1296 1620 1353 ὖπὲρ
1642 1297 1687 1339 τὸ

248 1367 392 1422 μέτρον
421 1367 700 1420 ἔκπυρωθῆιάι
726 1364 912 1414 κελεύσας
941 1368 1006 1406 καὶ
1032 1364 1160 1422 τούτῳ
1182 1366 1254 1419 τὴν
1281 1368 1475 1407 Φαῦσταν
1493 1365 1690 1407 ἔναποθέ-

248 1450 366 1487 μενος
398 1431 556 1487 ἐξήγαγε
586 1433 727 1488 νεκρὰν
752 1433 972 1488 γενομένην.
1037 1437 1165 1474 ταῦτα
1189 1431 1520 1486 συνεπιστάμενος
1546 1431 1689 1490 ἑαυτῷ,

250 1503 317 1542 καὶ
340 1501 500 1556 προσέτι
522 1517 563 1555 γε
588 1499 716 1555 ὅρκων
739 1499 1079 1556 καταφρονήσεις,
1114 1499 1279 1557 προσῄει
1318 1507 1402 1550 τοῖς
1440 1501 1584 1556 ἱερεῦσι
1615 1503 1747 1541 ‚ca-20

251 1568 407 1622 θάρσια
429 1572 508 1609 τῶν
529 1566 819 1623 ἡμαρτημένων
841 1570 974 1609 αἰτῶν.
1010 1566 1197 1609 εἰπόντων
1217 1569 1260 1610 δὲ
1280 1566 1335 1618 ὡς
1352 1568 1399 1610 οὗ
1420 1569 1691 1624 παραδέδοται

250 1639 469 1692 καθαρμοῦ
497 1634 642 1691 τρόπος
675 1633 960 1689 δυσσεβήματα
990 1639 1208 1691 τηλικαῦτα
1246 1639 1426 1692 καθῆραι
1459 1634 1691 1689 δυνάμενος,

342 1743 364 1776 8
389 1739 574 1785 προειπών
597 1741 675 1775 LP:
707 1753 785 1776 corr
805 1743 843 1777 S.
993 1744 1036 1777 10
1057 1739 1252 1783 ἀλαζονίας
1272 1741 1314 1776 L.
1389 1757 1393 1760 ⁵
1461 1743 1504 1776 11
1527 1742 1693 1786 Κρῖσπον

346 1787 416 1820 LP.
466 1787 623 1830 Πρίσκος
660 1791 714 1821 est
744 1787 869 1820 Suidae
890 1789 915 1823 2
937 1799 972 1832 p.
995 1788 1062 1822 377
1085 1788 1186 1821 Kust.
1370 1788 1412 1822 16
1435 1784 1553 1831 αὐτὴν
1574 1785 1695 1830 ὥσπερ

345 1832 481 1912 Ξιέξὲἰὲ.
630 1833 673 1867 18
696 1829 910 1877 ἐκπυρώσας
929 1829 1050 1877 τούτῳ
1074 1832 1209 1867 Suidas.
1359 1833 1402 1867 19
1423 1830 1620 1877 γενομένην
1642 1842 1695 1865 om

255 1968 400 2002 victuro.
448 1977 556 2010 neque
586 1967 686 2000 multo
715 1969 792 2011 post
818 1966 868 2009 ei,
891 1966 1016 2001 violata
1030 1965 1240 2000 iurisiurandi
1254 1965 1436 2010 religione,
1459 1965 1549 2011 quod
1565 1965 1696 2010 quidem

258 2011 480 2046 Constantino
497 2023 562 2044 non
577 2012 722 2045 insolens
739 2016 830 2053 erat,
854 2012 974 2056 laqueo
993 2012 1093 2046 vitam
1109 2010 1240 2044 ademit.

349 2058 403 2091 29.
448 2056 670 2100 Posteaquam
693 2056 881 2090 universum
904 2057 1074 2101 imperium
1097 2057 1140 2090 ad
1157 2055 1253 2089 unius
1269 2053 1480 2089 Constantini
1494 2058 1696 2099 potestatem

257 2101 429 2139 rediisset,
462 2111 527 2133 non
547 2101 611 2133 iam
627 2101 765 2144 amplius
779 2101 911 2134 insitam
927 2112 946 2133 a
961 2107 1083 2135 natura
1099 2101 1254 2134 malitiam
1268 2100 1422 2143 tegebat,
1445 2100 1506 2133 sed
1518 2099 1696 2144 indulgens

258 2147 357 2180 animi
381 2145 507 2178 libidini
534 2145 643 2178 omnia
666 2157 726 2190 pro
751 2146 888 2190 imperio
912 2147 1043 2189 agebat.
1091 2151 1124 2179 et
1139 2145 1270 2191 pati-itis
1284 2145 1391 2178 adhuc
1409 2145 1512 2178 sacris
1526 2146 1697 2186 utebatur,

259 2203 325 2226 non
341 2197 408 2223 tam
424 2190 559 2223 honoris
575 2190 790 2233 religionisve
805 2202 905 2224 causa
920 2202 1018 2235 quam
1033 2191 1260 2231 necessitatis3
1282 2201 1348 2234 quo
1364 2190 1469 2223 fiebat.
1484 2195 1521 2224 ut
1536 2194 1570 2224 et
1583 2190 1696 2224 hario-

257 2237 300 2271 lis
327 2236 424 2269 fidem
455 2235 613 2275 haberet,
639 2240 798 2279 expertus
815 2247 898 2269 vera
917 2247 975 2269 eos
994 2236 1199 2280 praedixisse
1215 2235 1256 2268 de
1270 2236 1370 2268 rebus
1385 2236 1534 2269 omnibus
1549 2245 1631 2280 quas
1645 2235 1698 2269 se-

259 2282 368 2316 liciter
390 2280 559 2323 gessisset.
605 2284 640 2312 at
665 2280 722 2314 ubi
746 2281 883 2314 Romam
908 2281 1020 2323 venit,
1045 2281 1148 2314 omnis
1170 2280 1382 2324 arrogantiae
1397 2280 1530 2326 plenus,
1565 2280 1696 2325 abipso

259 2328 330 2361 lare
344 2326 407 2359 sibi
422 2325 612 2359 sumendum
630 2325 808 2369 impietatis
823 2326 994 2359 exordium
1009 2326 1151 2371 putavit.
1196 2337 1269 2358 nam
1285 2325 1440 2370 Crispum
1462 2325 1562 2358 filium
1573 2351 1584 2368 ,
1607 2325 1698 2358 Cae-

260 2372 365 2411 saris,
396 2375 434 2403 ut
459 2374 535 2403 ante
560 2369 683 2403 dictum
710 2376 781 2411 est,
814 2375 967 2404 ornatum
989 2372 1105 2412 titulo,
1139 2370 1227 2415 quod
1252 2370 1286 2402 in
1310 2370 1526 2414 suspicionem
1548 2369 1700 2404 venisset

262 2416 360 2462 quasi
385 2426 458 2449 cum
479 2415 604 2448 Fausta
626 2426 773 2448 noverca
787 2421 1043 2458 consuesceret,
1066 2415 1155 2449 nulla
1169 2415 1299 2448 ratione
1314 2415 1393 2448 iuris
1408 2415 1568 2448 naturalis
1583 2414 1700 2448 habita

263 2460 405 2496 sustulit.
452 2471 588 2503 cumque
605 2459 815 2493 Constantini
836 2466 941 2494 mater
954 2462 1085 2495 Helena
1100 2465 1224 2494 tantam
1242 2460 1459 2494 calamitatem
1475 2471 1577 2504 aegro
1592 2460 1699 2493 ferret

263 2506 372 2540 animo
389 2509 421 2539 et
436 2504 674 2538 intolerabilem
691 2516 731 2538 ex
748 2505 853 2538 caede
868 2506 998 2539 iuvenis
1013 2506 1157 2539 dolorem
1174 2505 1367 2550 perciperet.
1379 2533 1390 2548 ‚
1411 2504 1503 2550 quasi
1527 2503 1698 2538 consolans

266 2563 340 2585 eam
356 2550 590 2583 Constantinus
607 2549 722 2582 malum
738 2550 822 2583 malo
839 2551 952 2583 maiori
967 2551 1115 2584 sanavit:
1138 2561 1212 2583 nam
1236 2562 1307 2583 cum
1329 2549 1492 2583 balineum
1515 2559 1614 2594 supra
1628 2558 1699 2583 mo-

265 2597 340 2629 dum
369 2594 505 2628 accendi
531 2594 702 2636 iussisset,
726 2594 823 2638 eique
847 2596 1005 2628 Faustam
1027 2595 1235 2635 inclusisset,
1257 2601 1420 2628 mortuam
1443 2594 1522 2628 inde
1544 2593 1699 2627 extraxit.

266 2642 383 2674 horum
399 2640 472 2684 ipse
486 2639 548 2673 sibi
564 2639 731 2681 conscius,
755 2643 789 2672 et
808 2646 983 2684 praeterea
999 2643 1208 2685 contemptae
1222 2645 1502 2673 sacramentorum
1518 2637 1700 2682 religionis,

267 2686 311 2718 ad
325 2685 476 2718 flamines
491 2685 653 2718 accedens
667 2684 883 2718 admissorum
899 2685 1113 2719 lustrationes
1125 2686 1299 2730 poscebat.
1343 2684 1409 2718 illis
1421 2695 1478 2718 res
1503 2683 1700 2717 oudentibus

268 2741 334 2764 nou
358 2741 434 2765 esse
455 2729 612 2764 traditum
634 2729 839 2764 lustrationis
859 2730 1010 2774 modum,
1035 2731 1093 2776 qui
1107 2735 1174 2765 tam
1189 2729 1287 2765 foeda
1302 2729 1437 2775 piacula
1451 2695 1563 2764 eliiere
1577 2730 1700 2774 posset,
