1774 3002
68 1363 104 1397 p.
130 1363 223 1389 xxxx

243 105 375 137 xxxvi
786 92 1150 140 REITEMEIERI

245 213 417 254 instituti
441 213 633 252 rationem
654 220 861 269 sequatur,
890 227 1033 268 resque
1053 227 1108 253 ex
1128 214 1351 254 auctoribus
1371 210 1583 266 petitas-ad
1598 225 1688 251 eam

246 279 539 331 accommodet,
569 281 703 322 recisis
724 283 831 332 aliis,
861 283 949 321 aliis
966 281 1086 321 modo
1103 283 1194 335 plus
1211 280 1331 320 modo
1341 282 1477 320 minus
1495 281 1688 329 coartatis,

246 348 320 388 sed
341 355 385 387 ut
405 349 493 386 aliis
514 350 634 387 etiam
655 349 930 402 scriptoribus,
957 357 1114 400 praeter
1141 334 1370 401 Dexippuni
1398 348 1624 400 Eunapimn
1649 354 1689 385 et

248 416 598 469 olympiodorum,
626 418 669 454 in
697 418 892 454 auxilium
920 419 1069 456 vocatis
1097 425 1137 456 et
1166 416 1353 455 adhibitis
1377 428 1466 464 eos,
1497 427 1596 468 quos
1613 415 1690 453 sibi

247 486 426 523 maxime
445 483 564 522 duces
585 485 716 535 elegit,
746 483 931 521 emendet
947 491 1015 522 aut
1031 485 1226 536 suppleat.
1264 497 1403 522 verum
1417 484 1460 521 in
1477 481 1554 520 hac
1571 493 1691 534 opera

247 552 407 589 Zosimo
428 550 628 588 interdum
653 550 818 589 humani
844 551 995 604 aliquid
1024 551 1212 590 accidisse
1236 552 1375 602 negari
1401 551 1554 602 nequit.
1607 562 1699 588 non·

249 620 356 676 enim
382 619 529 670 ubique
556 619 650 656 satis
681 619 756 655 sibi
782 619 886 655 cavit
905 632 982 671 quo
1002 621 1133 657 minus
1160 620 1424 657 narrationem
1453 618 1690 665 obscuraret,

249 686 405 723 omissis
422 697 523 738 quae
540 686 641 723 scitu
659 691 770 722 erant
787 686 1029 734 necessaria3
1058 684 1102 723 id
1120 683 1228 737 quod
1246 687 1289 723 in
1307 683 1582 724 contrahendis
1595 696 1692 736 pro-

247 752 404 790 lixioris
431 765 478 789 ac
506 753 659 790 confusi
690 752 772 790 stili
801 753 1072 804 scriptoribus,
1114 754 1295 804 Eunapio
1329 759 1368 791 et
1394 750 1691 804 Olympiodoro,

249 820 367 857 facile
395 818 569 858 incidere
600 820 749 871 potuit,
778 821 959 870 inprimis
979 821 1012 858 si
1034 819 1208 858 studium
1228 816 1273 857 ac
1297 818 1545 871 diligentiam
1558 819 1693 856 mino-

249 899 335 924 rem
359 899 480 939 quam
501 899 574 938 par
592 893 675 923 erat
698 885 915 924 adhiberet.
971 900 1045 925 nec
1074 887 1335 939 improbabile
1362 894 1422 925 est
1442 892 1693 938 praematuro

248 954 330 991 fato
357 954 563 991 Zosimum
585 954 707 991 fuisse
727 952 964 1004 impeditum
982 967 1061 1006 quo
1078 956 1210 992 minus
1227 953 1434 992 historiam
1451 965 1564 992 suam
1575 983 1586 1002 ‚
1613 954 1694 991 ite-

250 1027 335 1058 rata
359 1021 529 1058 lectione
542 1049 553 1069 ,
583 1021 818 1059 acutioribus
837 1022 1073 1072 perlustrare
1097 1022 1220 1060 oculis
1238 1028 1278 1060 et
1294 1021 1469 1060 obscuris
1484 1021 1584 1060 locis
1598 1033 1694 1073 per-

248 1088 498 1138 spicuitatem
514 1086 677 1125 reddere
695 1095 842 1139 posset.
1388 1086 1397 1096 “

359 1155 552 1191 Maiorem
580 1156 723 1208 aliquis
752 1155 1017 1207 suspicionem
1044 1157 1204 1194 Zosimo
1225 1156 1396 1205 iniiciat,
1426 1154 1497 1208 qui
1512 1160 1694 1193 revocato

246 1220 290 1258 in
319 1229 496 1259 mentem
525 1228 565 1259 et
594 1223 778 1271 consilio,
808 1222 917 1275 quod
942 1223 1021 1273 ipsi
1047 1223 1091 1260 in
1117 1236 1234 1274 opere
1262 1221 1511 1274 suscipiendo
1530 1222 1626 1270 fuit,
1656 1227 1696 1260 et

248 1288 458 1339 opinione,
489 1301 590 1340 quae
620 1288 670 1326 de
701 1288 1011 1327 Christianorum
1038 1290 1228 1339 religione
1251 1291 1335 1327 eius
1358 1290 1491 1327 animo
1508 1288 1694 1338 inhaesit,

247 1355 291 1393 id
310 1369 403 1393 eum
419 1358 603 1394 molitum
621 1369 708 1395 esse
726 1357 950 1394 meminerit
962 1384 973 1405 ,
1002 1362 1047 1393 ut
1070 1355 1294 1394 ostenderet
1310 1357 1352 1393 in
1367 1357 1564 1393 maiorum
1582 1369 1697 1407 spre-

247 1423 299 1460 tis
332 1421 570 1474 adscitisque
601 1422 913 1462 Christianorum
944 1423 1064 1461 sacris
1095 1425 1267 1474 positam
1298 1434 1384 1460 esse
1412 1423 1695 1473 calamitatum,

249 1489 394 1542 quibus
420 1492 591 1527 Romani
617 1497 879 1538 vexarentur,
910 1501 1082 1527 causam.
1138 1497 1268 1528 metus
1294 1489 1389 1527 inde
1411 1491 1517 1528 subit
1539 1503 1591 1529 ne
1614 1493 1696 1530 Zo-

248 1557 351 1594 simo
370 1555 479 1594 idem
497 1557 702 1608 acciderit,
734 1556 841 1611 quod
858 1557 1015 1595 evenire
1030 1557 1131 1594 solet
1158 1557 1239 1595 illis
1267 1558 1338 1610 qui
1365 1556 1524 1595 student
1539 1571 1698 1595 accom-

247 1622 410 1661 modare
443 1637 526 1673 res,
557 1637 655 1677 quas
690 1626 888 1676 explicare
909 1624 1088 1675 cupiant,
1119 1621 1172 1661 ad
1189 1622 1430 1676 hypothesin
1454 1631 1522 1662 aut
1541 1625 1698 1675 opinio-

247 1702 342 1727 nem
370 1703 471 1742 quae
501 1691 678 1741 ipsorum
708 1692 913 1743 occupavit
938 1692 1115 1739 animos,
1144 1697 1191 1728 ut
1222 1704 1245 1728 a
1273 1693 1448 1741 veritatis
1472 1693 1610 1743 regula
1631 1693 1698 1730 vel

247 1756 518 1808 imprudentes
539 1765 577 1795 et
594 1759 708 1796 inviti
726 1757 910 1796 recedant
923 1786 934 1807 ,
963 1765 1086 1810 utque
1109 1759 1152 1795 iu
1173 1758 1288 1798 factis
1308 1759 1592 1811 eventibusque
1611 1766 1699 1796 tru-

249 1823 424 1862 tinandis
463 1825 621 1861 nullum
660 1827 848 1874 iniuriae,
889 1838 1010 1877 quam
1036 1826 1189 1863 veritati
1215 1826 1367 1864 faciunt
1391 1825 1698 1877 interpretando,

251 1903 414 1929 sensum
443 1890 629 1930 habeant.
684 1905 829 1929 vanam
859 1899 993 1930 autem
1021 1898 1060 1929 et
1086 1893 1247 1930 inanem
1274 1894 1514 1931 commoveri
1537 1894 1698 1931 Zosimo

250 1958 518 2007 suspicionem
538 1957 808 1997 demonstrant
829 1972 875 1996 ea
890 1960 978 1996 loca
997 1971 1099 2010 quae
1113 1960 1204 1997 labe
1221 1960 1298 1998 ista
1313 1965 1510 2010 oporteret
1530 1972 1616 1998 esse
1632 1961 1701 1998 in-

251 2025 379 2073 fecta,
409 2025 443 2062 si
467 2038 607 2063 verum
633 2024 731 2077 quid
757 2026 971 2076 suspicioni
988 2027 1055 2063 isti
1072 2026 1264 2064 subesset.
1319 2025 1546 2078 inspicienti
1567 2039 1616 2064 ea
1633 2027 1700 2064 fa-

252 2091 329 2129 cile
346 2092 496 2142 patebit
517 2099 735 2141 auctorem,
763 2092 833 2129 ubi
852 2105 876 2130 a
893 2093 1098 2143 prostratis
1121 2093 1368 2131 caerimoniis
1393 2094 1570 2144 profecta
1592 2096 1700 2133 mala

253 2155 378 2208 dicat,
406 2171 488 2197 non
519 2160 663 2198 omissa
690 2172 873 2197 verarum
899 2171 1107 2196 causarum
1124 2161 1455 2212 pervestigatione
1475 2168 1516 2199 et
1536 2162 1700 2212 exposi-

252 2227 360 2263 tione
387 2227 564 2277 maligne
590 2225 644 2263 ad
669 2227 783 2263 illam
811 2239 970 2264 causam
999 2229 1133 2265 omnia
1163 2241 1382 2267 revocasse.
1446 2230 1699 2280 perspicuum

253 2305 411 2345 quoque
431 2299 490 2331 est
509 2306 601 2330 eum
619 2306 699 2331 non
716 2292 855 2331 fraude
868 2323 880 2343 ,
909 2306 1011 2346 quae
1037 2296 1214 2333 consulto
1233 2308 1326 2332 vera
1345 2296 1387 2332 in
1404 2295 1552 2334 falsum
1567 2298 1698 2345 vertit,

253 2358 327 2397 sed
344 2373 472 2398 errore
491 2361 562 2399 illo
582 2372 659 2412 quo
680 2361 835 2399 animus
853 2370 1159 2413 praeoccupatae
1176 2368 1309 2399 mente
1328 2363 1507 2414 opinioni
1522 2365 1698 2412 inservit,

252 2427 484 2478 abreptmn,
514 2428 743 2466 summatim
771 2427 891 2466 modo
920 2436 959 2466 et
984 2430 1110 2467 obiter
1135 2442 1182 2467 ea
1209 2430 1500 2480 interposuisse
1518 2443 1619 2483 quae
1647 2429 1699 2468 de

253 2495 370 2532 malis
387 2495 535 2533 civitati
547 2507 620 2546 per
633 2496 840 2532 immutata
857 2508 966 2533 sacra
983 2497 1149 2534 invectis
1163 2497 1346 2545 sentiret3
1376 2511 1454 2550 qua
1469 2498 1511 2534 in
1529 2511 1571 2535 re
1588 2511 1699 2536 com-

253 2572 417 2599 munem
449 2562 565 2600 illam
597 2569 637 2600 et
664 2569 919 2614 pervagatam
946 2562 1043 2600 olim
1065 2564 1168 2600 inter
1186 2561 1364 2601 etlmicos
1381 2566 1699 2616 superstitionem

253 2636 410 2668 secutus
429 2637 488 2668 est
499 2659 510 2679 ,
539 2642 616 2682 qua
635 2630 805 2667 salutem
823 2630 1026 2667 civitatum
1042 2630 1085 2667 in
1103 2629 1266 2667 deorum
1282 2632 1451 2682 propitio
1468 2633 1630 2669 numine
1652 2645 1699 2669 ac

253 2695 376 2732 tutela
409 2697 602 2747 positam,
640 2697 676 2736 si
713 2698 853 2749 spretis
884 2698 1004 2737 sacris
1031 2710 1078 2736 ac
1105 2699 1340 2750 contemptis
1367 2697 1442 2738 diis
1469 2699 1699 2744 caelestium
