1774 3002
100 607 139 640 p.
164 607 243 630 xxu

268 88 408 120 xxvm
807 76 1169 125 REITEMEIERI

271 199 450 252 iniquam
487 205 641 238 sortem
665 199 852 239 historiae
889 202 1094 241 Zosimeae
1123 203 1204 240 iam
1233 207 1324 241 ante
1338 202 1708 254 =Emgrii11aotatem

269 269 631 319 contigisse-'snam'
647 270 684 307 si
708 269 928 307 absolutam
947 283 1036 308 eam
1054 271 1135 309 suis
1152 271 1326 309 numeris
1342 268 1566 322 habuisset,
1594 273 1708 324 plura

269 347 322 372 ex
341 348 387 373 eo
410 336 453 372 i'n
473 348 559 373 rem
578 348 692 374 suam
715 338 904 375 allaturus
927 338 1080 376 fuisset.

377 404 535 442 Amissa
561 411 694 442 autem
718 411 829 456 parte
851 418 952 457 quae
970 407 1181 458 praecipua
1203 412 1286 444 erat
1303 407 1622 459 operiri-‘inqua
1642 418 1708 443 re-

266 469 340 507 bus
361 469 606 521 exponendis
629 485 719 509 cum
741 474 851 523 copia
872 480 911 510 et
933 481 1072 511 ornatu
1090 475 1297 525 ingenium
1314 474 1481 512 anoton-is
1497 480 1537 512 et
1552 486 1708 512 areno-

266 537 413 574 bilitari
430 545 605 588 poterat,⁴
634 535 676 577 in
699 540 810 577 libris
832 541 899 592 qui
918 548 1148 592 supersunt,
1178 547 1362 593 quattuor
1375 542 1610 592 :prioribus53
1623 542 1709 578 vir-

267 609 370 642 tutes
395 606 478 643 eius
500 606 719 657 exigendae
740 614 831 646 sunt
851 605 902 644 ad
924 610 1189 659 epitomatoris
1214 610 1344 660 potius
1370 621 1491 661 quam
1508 607 1563 647 ad
1579 607 1708 646 histo-

265 673 358 721 rici,
389 685 508 725 quem
539 681 702 723 vocant,
731 676 963 727 pragmatici
994 676 1125 727 leges,
1154 689 1229 714 nec
1248 677 1350 714 ultra
1370 676 1707 729 quicquam-'iniis

265 740 548 791 requirendum
567 754 688 793 quam
708 755 809 795 quae
829 744 870 778 in
890 743 1094 782 breviariis
1125 750 1370 795 spectantur,
1398 755 1530 781 rerum
1550 755 1645 781 vera
1667 748 1707 780 et

265 815 446 844 accurata
464 811 658 859 expositio
678 816 716 846 et
728 811 941 861 ,perspicua
960 824 1006 848 ac
1028 812 1217 848 concinna
1235 812 1384 858 oratio3
1414 823 1516 863 quan
1543 809 1707 863 quidem

266 875 428 912 virtutes
445 888 526 912 uon
545 875 664 913 modo
683 889 774 913 eum
790 891 872 915 nou>
891 877 1094 926 deficiunt,
1126 877 1197 915 sed
1214 879 1303 916 aliis
1317 879 1479 928 insuper
1494 890 1707 916 ornamen-

267 943 338 990 tis,
369 955 500 979 rerum
528 941 683 979 delectu
710 943 813 980 bono
844 951 883 982 et
910 945 1055 984 iudicio
1085 945 1228 983 idoneo
1253 952 1346 983 suut
1371 952 1524 983 auctae.
1577 951 1706 998 neque

267 1015 400 1046 tamen
418 1011 578 1057 omnino
597 1011 782 1047 vifiorum
800 1011 901 1049 illud
918 1026 1043 1063 genus
1059 1015 1198 1051 vitavit
1215 1011 1323 1064 quod
1340 1012 1603 1051 breviandum
1619 1027 1706 1052 esse

266 1076 380 1113 solet.
438 1084 528 1114 sunt
548 1078 653 1113 enim
677 1079 868 1115 nonnulla
887 1082 991 1117 male
1013 1082 1178 1127 omissa,
1208 1081 1286 1120 alia
1302 1081 1525 1131 perturbate
1542 1093 1590 1118 ac
1610 1093 1707 1118 con-
1731 1112 1734 1115 .

264 1144 352 1181 fuse
372 1144 475 1181 dicta
487 1173 497 1192 ‚
527 1147 675 1196 passim
699 1146 828 1183 aliena
847 1147 1094 1195 intermixta,
1124 1146 1168 1184 id
1189 1146 1296 1199 quod
1314 1149 1357 1184 in
1377 1148 1428 1185 iis
1445 1148 1621 1186 maxime
1641 1149 1704 1186 lo-

266 1211 321 1247 cis
345 1210 486 1248 accidit
505 1213 573 1249 ubi
591 1214 633 1249 iu
652 1214 852 1263 religionis
869 1227 962 1252 suae
982 1214 1277 1264 superstitiones
1293 1213 1503 1262 inciderat3
1525 1213 1571 1266 *)
1599 1222 1705 1253 tem-

263 1292 406 1330 porum
426 1287 558 1317 autem
578 1281 675 1317 ratio
694 1281 888 1317 rarissime
904 1287 1038 1317 notata
1056 1287 1127 1328 est,
1155 1279 1355 1317 interdum
1369 1281 1543 1318 confusa.
1602 1288 1705 1320 atta-

263 1360 356 1383 men
383 1348 479 1384 vitia
507 1349 578 1385 illa
604 1361 732 1400 neque
761 1354 869 1384 tanta
897 1354 989 1384 sunt
1006 1359 1137 1399 neque
1157 1354 1240 1384 tam
1257 1348 1402 1396 multa,
1432 1349 1639 1399 praecipue
1660 1350 1705 1386 iu

263 1417 473 1465 postremis
507 1416 637 1463 libris,
667 1417 709 1452 in
737 1415 879 1466 quibus
905 1421 944 1452 et
969 1416 1155 1452 orationis
1175 1415 1329 1465 copiam
1345 1415 1536 1452 maiorem
1555 1423 1594 1453 et
1610 1415 1706 1458 dili-

262 1484 440 1533 gentiam
465 1495 676 1535 curamque
697 1483 979 1533 impensiorem
997 1479 1291 1532 deprehendere
1307 1482 1434 1531 licet‚¹
1450 1483 1561 1520 ut⁴iis
1579 1483 1706 1521 virtu-

260 1557 321 1588 tes
345 1551 428 1588 eius
450 1551 681 1601 obruantur;
710 1550 783 1589 sed.
800 1551 927 1588 maior
947 1550 1032 1588 eius
1050 1550 1123 1588 erit
1141 1549 1331 1588 virtutum
1346 1550 1431 1588 laus
1451 1562 1572 1603 quam
1586 1551 1705 1590 vitio-

261 1630 351 1654 rum
374 1617 640 1670 reprehensio.

372 1687 472 1722 Cum
498 1688 540 1722 in
564 1688 772 1737 postremis
797 1686 931 1735 libris,
962 1686 1031 1738 qui
1055 1686 1228 1737 periere,
1255 1685 1409 1734 locum,
1439 1686 1611 1738 quiesse
1630 1684 1704 1723 de-

260 1750 347 1787 buit
375 1749 561 1789 historiae
591 1754 900 1802 illustrissimus,
940 1752 989 1791 de
1021 1754 1287 1790 calamitatum
1314 1760 1352 1790 et
1382 1743 1518 1790 ruinae
1546 1753 1704 1804 imperii

262 1818 432 1855 Romani
451 1821 577 1857 causis
593 1822 998 1871 pei-tractaverit,.non
1015 1819 1312 1858 incommodum
1325 1819 1481 1858 videtur
1496 1821 1592 1858 istas
1607 1833 1704 1858 cau-

262 1898 327 1923 sas
349 1885 401 1922 ad
420 1885 621 1924 excidium
640 1890 752 1938 regni
771 1887 870 1926 adeo
890 1888 1088 1936 efficaces,
1118 1895 1311 1939 quantum
1325 1889 1439 1936 licet,
1469 1901 1523 1926 ex
1540 1889 1703 1940 reliquis

262 1953 396 2002 libris,
425 1955 494 1991 ubi
526 1967 592 1991 eas
622 1955 748 1993 obiter
776 1957 927 2006 attigit,
958 1969 1092 1992 eruere
1122 1961 1161 1991 et
1188 1953 1255 1991 hic
1282 1954 1495 2003 subiicere,
1525 1967 1617 1992 cum
1639 1969 1703 1993 res

263 2021 315 2058 sit
334 2027 372 2057 et
390 2034 462 2071 per
479 2034 520 2058 se
541 2023 634 2059 satis
657 2022 787 2072 gravis
810 2028 848 2059 et
869 2021 920 2059 ad
937 2023 1198 2059 recentiorum
1216 2019 1443 2069 hominum,
1472 2023 1542 2073 qui
1557 2021 1702 2060 iisdem

263 2090 390 2126 causis
410 2088 694 2141 investigandis
715 2095 923 2138 vacarunt,
951 2087 1098 2126 iudicia
1118 2086 1379 2139 comparanda
1399 2088 1521 2127 utilis.
1538 2086 1606 2141 **)

351 2212 393 2255 ’)
455 2210 769 2256 ag.46et18,
815 2209 916 2246 541.

351 2258 410 2301 ”)
459 2258 566 2291 Recte
588 2256 715 2290 monuit
736 2267 771 2290 v.
797 2257 838 2291 cl.
861 2261 965 2289 totam
989 2255 1063 2288 fere
1086 2265 1158 2288 eam
1173 2253 1331 2289 historiae
1346 2258 1493 2300 partem,
1514 2267 1534 2290 e
1548 2267 1615 2301 qua
1629 2266 1701 2290 ma-

258 2303 348 2337 xime
375 2303 539 2336 censenda
564 2307 639 2335 erat
662 2301 788 2334 Zosimi
813 2301 898 2334 fides
923 2306 959 2335 et.
982 2300 1182 2342 auctoritas,
1215 2301 1277 2335 sub
1301 2301 1402 2335 finem
1424 2301 1502 2335 libri
1523 2301 1701 2336 inm-ibae.

259 2348 445 2382 tradiderat
460 2348 494 2381 in
509 2359 551 2382 ea
569 2359 643 2381 cum
658 2347 789 2380 modum
803 2347 1033 2390 rationemque
1048 2351 1118 2379 tum
1132 2356 1252 2381 causas
1271 2346 1391 2380 excidii
1404 2345 1534 2392 imperii
1547 2347 1702 2389 Romani,

258 2393 361 2438 idque
374 2393 422 2427 ita
436 2398 631 2439 persecutus
646 2397 720 2426 erat.
734 2397 772 2425 ut
787 2392 830 2426 ad
846 2391 980 2435 Polybii
1005 2391 1191 2435 exemplum
1205 2402 1242 2425 se
1258 2398 1490 2437 componeret3
1516 2391 1607 2436 quod
1625 2391 1701 2436 qui-

257 2439 333 2473 dem
359 2439 433 2484 ipse
459 2439 612 2472 Zosimus
634 2441 783 2471 testatur
805 2437 861 2470 lib.
876 2441 893 2472 1
912 2448 932 2470 c
957 2440 986 2472 1.
1009 2437 1053 2470 cf.
1069 2440 1087 2471 1
1111 2437 1168 2471 57.
1213 2436 1255 2470 iis
1268 2442 1379 2470 tamen
1394 2437 1476 2471 locis
1491 2447 1579 2482 qnae
1592 2437 1700 2472 adhuc

261 2489 410 2527 exstant,
434 2484 565 2529 quoties
582 2494 700 2517 causas
715 2482 835 2517 excidii
849 2486 1095 2523 commemorat,
1117 2492 1185 2515 non
1200 2482 1282 2515 satis
1297 2482 1361 2516 sibi
1377 2487 1534 2517 constare
1547 2482 1698 2517 videtur:

259 2540 336 2562 nam
357 2529 414 2563 illo
433 2530 507 2564 loco
524 2530 558 2563 id
573 2529 710 2562 maxime
725 2527 787 2561 sibi
804 2527 1009 2572 propositum
1029 2527 1153 2560 habere
1167 2526 1273 2560 videri
1288 2527 1378 2568 vult,
1402 2533 1441 2561 nt
1462 2527 1610 2561 declaret
1628 2529 1699 2561 fato

258 2585 373 2607 omnes
389 2587 500 2609 rerum
517 2576 727 2608 humanarum
742 2573 948 2607 inversiones
961 2572 1035 2606 fieri
1046 2600 1056 2617 ‚
1072 2572 1143 2605 fato
1159 2583 1292 2617 quoque
1307 2584 1376 2606 rem
1393 2572 1557 2618 publicam
1572 2573 1700 2606 Roma-

259 2630 334 2654 nam
363 2620 405 2652 ad
436 2620 571 2654 exitium
595 2630 812 2664 properasse;
845 2618 919 2652 aliis
948 2618 1029 2651 locis
1054 2617 1164 2662 (inpr.
1179 2619 1202 2651 2
1225 2619 1270 2658 7,
1298 2618 1322 2652 4
1347 2618 1410 2658 59,
1441 2617 1462 2652 5
1485 2618 1548 2660 38,
1578 2617 1600 2651 5
1624 2619 1699 2661 41)

258 2675 280 2697 a
296 2670 486 2708 contemptu
501 2676 672 2699 sacrorum
688 2664 870 2709 patriorum
886 2675 1004 2697 causas
1021 2662 1114 2696 exitii
1129 2662 1263 2708 repetit.
1309 2662 1370 2695 nisi
1391 2663 1483 2695 forte
1505 2674 1575 2696 rem
1593 2662 1640 2695 ita
1654 2674 1698 2696 ex

252 2709 331 2744 eius
358 2721 456 2744 sensu
483 2710 721 2757 expediendam
746 2709 960 2756 putabimus,
991 2707 1097 2743 fatale
1112 2707 1162 2743 rei
1176 2707 1331 2754 publicae
1349 2708 1522 2743 Romanae
1541 2707 1646 2742 fuisse
1661 2712 1699 2742 ut
