1812 3016
294 91 390 139 198
796 147 798 149 ¹
923 90 1122 135 zosnm

290 223 384 258 νου,
413 202 642 248 καταλιπών
670 203 943 258 Σεβαστιανός
973 204 1047 259 τὴν
1077 201 1249 260 ἕσπέραν
1269 199 1336 245 οἶα
1353 206 1435 246 τῶν
1455 200 1603 246 αὗτὸθι
1619 207 1742 258 βασι-

292 276 392 317 λέων
426 274 495 316 διὰ
527 271 695 328 νεότητα
727 278 888 329 φρονεῖν
921 272 1050 315 ταύτὰ
1079 271 1179 329 πρὸς
1199 269 1368 322 ἑαυτοὺς
1386 272 1460 314 οὒκ
1483 272 1743 326 ἀνεχομένων,

293 342 398 385 ἀλλὰ
419 340 612 384 ἐκδόντων
633 340 801 390 ἑαυτοὺς
823 338 1021 394 εὐνούχων
1042 341 1105 382 ἐπὶ
1130 344 1188 397 τῷ
1207 344 1366 382 κοιτῶνι
1383 341 1629 395 τεταγμένων
1652 341 1745 381 δια-

291 414 459 465 βολαῖς,
494 413 549 460 εἷς
583 409 656 463 τὴν
694 407 1120 451 Κωνσταντινούπολιν
1153 408 1398 463 παρεγένετο.
1466 408 1590 462 (23)
1624 411 1743 449 τοῦτο

292 478 442 533 μαθὼν
472 476 634 532 Οὐάλης
642 509 655 528 ,
690 478 757 519 καὶ
790 476 864 526 τὰς
899 478 939 518 ἓν
967 477 1156 529 πολέμοις
1180 477 1247 517 καὶ
1268 479 1319 531 τῇ
1338 473 1449 531 πάσῃ
1471 476 1650 534 πολιτείᾳ
1670 478 1743 517 τοῦ
1753 480 1776 516 5

294 546 442 602 ἀνδρὸς
476 545 621 602 ἀρετὰς
652 542 911 598 ἐπιστάμενος
919 577 932 596 ,
974 545 1142 601 αἱρεῖται
1173 543 1396 600 στρατηγὸν
1428 543 1549 585 αὐτὸν
1577 544 1645 584 καὶ
1674 542 1748 597 τὴν

294 613 507 669 ἡγεμονίαν
537 618 610 656 τοῦ
639 612 787 662 παντὸς
818 611 990 655 πιστεύει
1014 613 1204 665 πολέμου.
1271 609 1293 653 ὃ
1317 612 1361 652 δὲ
1383 611 1485 667 πρὸς
1502 611 1547 653 τὸ
1567 612 1748 666 ἐκδεδιῃ-

295 682 464 736 τημένον
496 683 563 724 καὶ
595 679 849 723 παντάπασιν
882 681 1040 735 ἐκμελὲς
1059 684 1139 722 τῶν
1155 677 1382 735 ταξιάρχων
1405 681 1471 720 καὶ
1493 682 1748 735 στρατιωτῶν

298 751 465 806 ἀφορῶν
473 781 486 800 ,
526 751 591 791 καὶ
623 747 678 799 ὥς
708 751 764 798 εἷς
795 749 926 805 φυγὴν
948 747 1070 802 μόνον
1093 749 1166 789 εῗσὶ
1187 747 1497 803 γεγυμνασμένοι
1520 748 1587 788 καὶ
1608 763 1748 802 γυναι-

297 816 437 867 κώδεις
461 818 526 858 καὶ
550 818 700 866 ἀθλίας
719 815 839 870 εὐχάς
846 848 859 868 ,
890 817 1106 870 δισχιλίους
1125 815 1270 871 ᾔτησεν
1278 847 1291 866 ,
1327 814 1398 865 οὓς
1418 814 1467 856 ἂν
1491 815 1640 865 ἕλοιτο,
1676 815 1747 855 (50—
1758 817 1805 852 10

296 890 423 939 θῆναι
444 883 694 940 στρατιώτας
718 884 828 941 αὐτῷ
839 898 850 908 ·
879 883 1065 938 πλήθους
1083 884 1160 939 γὰρ
1184 882 1371 938 ἡγεῖσθαι
1387 881 1551 936 χαύνως
1570 881 1750 937 ἦγμένων

299 951 529 1009 ἀνθρώπων
558 953 615 1006 μὴ
647 950 785 1010 ῥᾴδιον
813 950 933 1003 εἶναι,
967 953 1272 1006 παιδαγωγῆσαι
1297 951 1340 992 δὲ
1359 950 1516 1006 ὀλίγους
1536 951 1603 992 καὶ
1626 951 1682 999 εἷς
1702 948 1749 991 τὸ

302 1021 532 1077 ἀρρενωπὸν
566 1022 608 1062 ἐκ
637 1024 710 1062 τοῦ
738 1018 887 1074 θήλεος
919 1020 1129 1075 ἀναγαγεῖν
1159 1019 1206 1060 οὗ
1236 1017 1398 1075 σφόδρα
1422 1015 1748 1072 δύσκολονεῖναι,

301 1091 369 1130 καὶ
404 1088 537 1137 ἄλλως
565 1089 608 1130 δὲ
635 1089 833 1137 λυσιτελὲς
858 1091 1012 1141 μᾶλλον
1034 1089 1075 1128 ἐν
1096 1087 1241 1141 ὀλίγοις
1257 1085 1284 1140 ἢ
1300 1087 1418 1127 παντὶ
1441 1083 1676 1127 κινδυνεύειν
1691 1087 1752 1141 τῷ

302 1155 464 1210 πλήθει.
531 1158 662 1198 πείθει
680 1160 808 1198 ταῦτα
825 1156 948 1211 λέγων
965 1155 1034 1197 τὸν
1050 1155 1241 1209 βασιλέα,
1269 1155 1335 1195 καὶ
1353 1153 1490 1207 λαβὼν
1508 1154 1659 1209 αἵρεσιν
1675 1152 1748 1194 οὐκ
1762 1155 1806 1192 15

303 1225 346 1265 ἐκ
379 1228 459 1265 τῶν
490 1224 821 1279 ἓντεθραμμένων
843 1225 968 1281 δειλίᾳ
987 1225 1054 1264 καὶ
1069 1223 1170 1278 πρὸς
1186 1222 1230 1263 τὸ
1249 1220 1406 1278 φεύγειν
1424 1220 1752 1277 γεγυμνασμένων

304 1291 374 1340 οὓς
402 1290 546 1346 ᾔτησεν
580 1294 725 1341 εἵλετο,
761 1293 900 1332 νεωστὶ
930 1291 975 1332 δέ
998 1307 1109 1339 τινας
1137 1290 1485 1345 ἕναριθμηθέντας
1503 1292 1562 1345 τῷ
1579 1304 1753 1344 στρατο-

302 1359 410 1414 πέδῳ
438 1360 504 1398 καὶ
535 1357 723 1411 σώματος
746 1358 1035 1413 ἀνατρέχοντας
1058 1357 1205 1414 εὐφυΐᾳ
1226 1358 1292 1397 καὶ
1313 1357 1474 1412 προσέτι
1494 1372 1536 1411 γε
1557 1360 1615 1412 τῷ
1634 1353 1754 1412 φύσει

304 1427 592 1481 τεκμαίρεσθαι
628 1426 833 1483 δυναμένῳ
867 1425 1131 1481 φαινομένους
1155 1427 1210 1473 εἷς
1231 1423 1327 1479 ὅπερ
1348 1422 1556 1479 ᾑρέθησαν
1579 1420 1753 1472 ἱκανούς.

305 1491 480 1534 αὐτόθεν
497 1488 567 1535 οὗν
587 1492 755 1535 ἑκάστου
774 1499 846 1546 τῆς
866 1491 1237 1549 φύσειος,ἕπειρᾶτο,
1265 1493 1331 1533 καὶ
1351 1495 1401 1547 τῇ
1423 1497 1582 1544 συνεχεῖ
1597 1495 1809 1546 ymarus-20

305 1562 374 1618 σία
407 1560 453 1601 τὸ
485 1561 616 1602 ἐνδέον
641 1559 815 1617 ἐπλήρου
830 1591 842 1611 ,
875 1560 1139 1612 πειθομένους
1173 1559 1245 1612 μὲν
1278 1560 1448 1600 ἐπαινῶν
1483 1560 1550 1600 καὶ
1586 1560 1756 1614 δωρεαῖς

305 1626 567 1682 ἀμειβόμενος
573 1659 587 1680 ,
623 1629 835 1670 ἀπειθοῦσι
859 1628 902 1669 δὲ
923 1627 1102 1684 σφοδρὸς
1120 1628 1187 1669 καὶ
1205 1627 1477 1683 ἀπαραίτητος
1497 1624 1595 1668 εἶναι
1612 1627 1755 1668 δοκῶν.

396 1758 427 1836 Ξ
436 1753 564 1835 ,ταῦτΡόι
589 1756 642 1790 R.-
665 1755 743 1791 libri
765 1754 897 1791 ταῦτα.
1037 1754 1079 1791 19
1102 1751 1294 1800 ᾑρέθησαν
1315 1755 1365 1790 Sx
1391 1751 1571 1799 ἠρέθισαν
1593 1754 1647 1798 L,
1669 1751 1755 1799 ἦρε-

428 1812 505 1836 baal
557 1827 567 1837 ι

308 1924 370 1947 nus
394 1913 581 1947 Occidente
606 1913 749 1955 relicto,
772 1912 863 1957 quod
877 1913 954 1948 istic
969 1912 1026 1958 qui
1042 1917 1140 1947 erant
1153 1912 1395 1957 imperatores,
1424 1912 1468 1946 ob
1493 1910 1755 1945 imbecillitatem

309 1959 432 1991 aetatis
447 1959 535 1992 inter
550 1971 588 1992 se
604 1959 788 1992 concordes
804 1970 876 1992 esse
892 1971 957 1992 non
972 1963 1127 2003 possent,
1151 1959 1209 1991 sed
1233 1957 1458 1991 eunuchorum
1481 1956 1639 1990 cubiculis
1648 1966 1755 2001 vprae-

308 2005 473 2037 sectorum
499 2004 668 2037 calumniis
689 2009 780 2037 totos
805 2016 842 2037 se
865 2004 1055 2047 traderent,
1089 2003 1216 2048 Cpolim
1239 2003 1344 2036 venit.
1392 2001 1488 2046 (23)
1509 2012 1550 2034 ea
1565 2012 1604 2034 re
1618 2001 1755 2045 cognita

308 2049 437 2081 Valens
450 2073 460 2090 ‚
493 2049 550 2092 qui
574 2049 672 2082 huius
687 2049 751 2081 viri
767 2053 835 2082 tam
849 2049 881 2082 in
896 2049 993 2082 bellis
1009 2060 1108 2093 quam
1125 2046 1385 2082 administranda
1400 2046 1555 2080 universa
1568 2058 1608 2079 re
1621 2046 1756 2090 publiea

307 2092 451 2126 virtutes
475 2097 592 2134 norat,
617 2094 849 2127 Sebastianum
872 2100 1061 2139 praetorem
1086 2092 1254 2138 copiarum
1268 2092 1380 2135 eligit,
1404 2091 1543 2136 eiusque
1557 2091 1637 2125 fidei
1650 2091 1756 2125 totius

308 2137 386 2171 belli
401 2138 542 2180 gerendi
556 2149 673 2170 munus
690 2138 876 2172 committit.
922 2139 952 2172 is
967 2139 1010 2172 ad
1027 2139 1192 2172 mollitiem
1210 2146 1433 2180 summamque
1448 2137 1630 2170 socordiam
1644 2136 1756 2175 tribu-

309 2193 426 2216 norum
449 2187 552 2226 atque
572 2183 711 2215 militum
738 2183 939 2228 respiciens,
963 2189 998 2217 et
1023 2184 1111 2228 quod
1136 2183 1180 2215 ad
1203 2183 1316 2225 fugam
1331 2187 1367 2214 et
1381 2181 1553 2215 muliebria
1566 2181 1756 2226 miseraque

308 2232 391 2261 vota
413 2227 576 2260 duntaxat
592 2228 769 2260 exercitati
783 2234 914 2270 essent,
939 2228 1004 2262 duo
1021 2229 1110 2262 milia
1123 2227 1276 2268 militum,
1300 2238 1383 2270 quos
1399 2226 1470 2270 ipse
1485 2226 1668 2269 deligeret,
1690 2225 1756 2260 sibi

310 2273 384 2306 dari
408 2272 514 2315 petiit.
562 2272 772 2305 existimabat
797 2273 879 2306 enim
896 2285 962 2307 non
978 2285 1054 2307 esse
1069 2273 1166 2307 facile
1181 2271 1379 2305 multitudini
1397 2271 1563 2305 hominum
1587 2282 1756 2316 praeesse,

310 2318 368 2361 qui
390 2317 553 2350 dissolute
574 2317 751 2361 gubernati
765 2317 924 2358 fuissent;
952 2324 988 2352 at
1002 2318 1176 2351 instituere
1191 2327 1318 2361 paucos
1334 2323 1370 2350 et
1385 2328 1405 2349 a
1419 2316 1567 2350 moribus
1581 2316 1756 2350 effemina-

310 2363 354 2396 tis
370 2363 413 2396 ad
428 2363 542 2395 viriles
556 2362 736 2395 traducere
750 2373 816 2394 non
831 2363 1006 2396 admodum
1021 2374 1096 2396 esse
1110 2362 1257 2395 difficile.
1304 2362 1409 2404 magis
1433 2366 1468 2395 et
1489 2361 1635 2405 alioquin
1648 2372 1756 2406 expe·

310 2408 402 2450 dire,
425 2407 454 2441 si
477 2408 538 2441 fiat
558 2407 592 2440 in
612 2406 728 2451 paucis
744 2406 857 2450 potius
873 2419 971 2451 quam
986 2409 1019 2441 in
1037 2408 1192 2441 universa
1206 2405 1416 2440 multitudine
1431 2406 1623 2452 periculum.
1670 2406 1756 2439 haec

311 2453 424 2486 dicens
447 2452 644 2496 imperatori
667 2452 866 2496 persuadet3
891 2453 1154 2496 electionemque
1177 2456 1294 2485 nactus
1317 2463 1384 2484 non
1408 2463 1468 2485 eos
1491 2451 1556 2493 sibi
1575 2450 1675 2485 sumit
1695 2449 1756 2494 qui

312 2502 427 2531 essent
448 2497 602 2531 innutriti
625 2496 791 2530 formidini
806 2501 841 2529 et
856 2497 898 2529 ad
914 2498 1151 2541 capessendam
1166 2497 1278 2540 fugam
1296 2496 1492 2539 exercitati,
1516 2495 1579 2530 sed
1593 2495 1756 2540 quosdam

311 2554 432 2576 recens
451 2543 640 2587 adscriptos
654 2541 836 2581 exercitui,
861 2543 1076 2587 corporisque
1091 2541 1224 2575 dotibus
1241 2542 1384 2584 egregiis
1399 2553 1419 2574 a
1434 2546 1554 2574 natura
1569 2540 1753 2585 praeditos,

312 2592 349 2620 et
365 2588 423 2631 qui
438 2594 617 2632 praeterea
633 2586 841 2620 coniectandi
857 2587 965 2630 perito
983 2587 1194 2627 viderentur,
1217 2587 1259 2619 ad
1282 2587 1503 2630 quodcunque
1521 2586 1653 2619 facinus
1666 2584 1754 2619 inei-

312 2636 475 2676 farentur,
498 2633 610 2666 idonei
625 2631 739 2665 futuri.
769 2631 946 2664 confestim
961 2632 1061 2675 igitur
1075 2632 1235 2675 cuiusque
1250 2637 1398 2664 naturam
1415 2635 1579 2675 explorat,
1602 2635 1638 2664 et
1652 2640 1754 2663 exer-

313 2677 474 2710 citatione
498 2676 668 2722 frequenti
691 2676 781 2722 quod
807 2676 927 2709 deerat
949 2677 1098 2721 supplet,
1123 2677 1214 2709 dicto
1229 2676 1403 2710 audientes
1418 2675 1610 2710 collaudans
1624 2686 1667 2708 ac
1680 2684 1755 2708 mu·-

314 2722 451 2757 neribus
466 2723 620 2757 afficiens
630 2748 642 2765 ,
664 2722 698 2756 in
713 2722 797 2756 alios
810 2721 1041 2756 inobedientes
1054 2722 1106 2755 ita
1118 2733 1156 2755 se
1169 2733 1291 2766 gerens
1305 2726 1344 2755 ut
1358 2722 1500 2756 acerbus
1515 2727 1550 2755 et
1562 2719 1755 2764 inexorabi-
