1812 3016
480 78 920 124 COMMENTARIUS
945 80 1297 127 mSTomcUS.
1513 82 1613 128 375

278 199 321 239 p.
341 185 417 230 141
440 200 482 227 v·
499 190 568 230 12.
622 187 706 228 vid.
736 189 891 229 comm.
917 189 1029 229 ad—l.
1047 192 1102 233 79
1132 204 1167 229 ο.
1187 189 1270 232 Th.
1297 188 1348 230 de
1367 189 1611 232 decurionib.

169 247 212 281 et
229 243 361 284 vala.
378 243 432 282 ad
449 245 626 283 Marcell.
642 246 672 284 1.
693 246 747 286 24
764 246 853 284 init.
908 247 1053 285 Rieter.
1425 286 1429 290 ,

278 308 333 347 ib.
357 323 398 349 v.
423 314 490 353 13.
546 319 613 350 aut
636 314 882 364 praeteriisse
910 312 1103 352 Edessam
1130 320 1198 351 aut
1226 314 1344 353 citato
1370 327 1486 354 cursu
1516 329 1610 367 per-

159 365 334 406 *euriae
356 367 637 418 imperatorem
663 374 706 406 ut
731 368 958 418 credamus,
987 369 1162 421 postulat
1182 371 1392 409 auotoritas
1410 374 1611 410 Ammiani

166 423 222 462 28
249 423 298 471 8,
331 424 401 475 qni
426 425 565 462 Batnis
586 436 678 462 enm
700 422 796 462 dicit
815 438 983 476 propero
1003 438 1118 463 cursu
1137 426 1293 463 venisse
1311 427 1471 475 Carras,
1500 428 1611 467 nulla

164 475 339 517 Edessae
363 481 564 518 mentione
588 481 715 527 facta3
746 487 784 518 et
813 479 1089 519 Theodoretus
1118 481 1171 533 (3
1199 481 1252 531 2)
1282 495 1372 520 eum
1389 484 1610 522 Sozomeno

165 535 222 597 (6
248 533 300 584 1)
328 533 472 573 diserte
493 534 598 573 hanc
617 537 756 574 urbem
778 537 826 573 ab
852 550 899 575 eo
919 550 998 574 non
1019 545 1163 575 tactam
1183 537 1317 576 tradit.

271 599 328 639 ib.
387 601 466 641 huo
484 604 544 641 tit.
565 602 652 641 eod.
670 602 751 641 Th.
773 602 822 640 de
839 616 934 641 auro
957 616 1087 642 coron.
1107 611 1146 641 et
1164 604 1362 657 quaedam
1381 617 1434 642 ex
1454 605 1609 644 Comm-

161 653 215 692 ad
231 656 262 694 l.
279 657 332 699 16
348 657 398 696 de
414 659 569 711 legatis,
600 666 639 696 et
653 660 820 710 insignis
834 660 1055 698 Marcellini
1068 661 1178 699 locus
1196 663 1250 702 28
1278 663 1319 703 6.
1376 659 1467 699 vide
1485 662 1605 701 etiam

161 711 315 751 com.
336 712 388 752 ad
406 715 436 753 l.
457 716 481 757 1
502 714 551 753 de
570 728 664 753 auro
684 729 816 754 coron.
873 716 1018 755 Riuer.

160 766 161 769 ’
271 767 327 806 ib.
347 783 388 808 v.
406 772 472 813 16.
529 771 638 810 idem
656 773 856 809 Ammian.
880 774 934 814 23
963 774 1005 813 8.

269 837 311 878 p.
332 824 413 868 142
433 839 473 864 v.
492 830 533 868 7.
589 828 790 865 Aminiam.
812 829 866 868 23
895 829 943 868 3:
973 828 1138 879 triginta
1157 826 1272 864 milia
1287 827 1478 865 lectorum
1496 828 1605 865 mui-

157 883 257 918 tum.
312 882 454 920 Liban.
475 896 532 921 or.
553 883 709 921 funebr.
730 880 927 936 μυριάδας
947 881 1120 924 <inaczeb
1141 878 1232 923 δύο.

267 946 322 985 ib.
344 961 384 987 v.
405 950 471 990 13.
530 950 692 997 carrae,
722 948 829 1002 quod
846 948 1038 1002 oppidum
1058 951 1286 1001 antiquum,
1315 950 1445 988 Crassi
1468 957 1506 987 et
1521 951 1605 988 lto-

154 1003 267 1040 mani
283 1006 480 1043 exercitus
498 1008 698 1045 aerumnis
715 1007 871 1057 insigne
890 1006 938 1043 ab
955 1006 1167 1043 Ammiano
1186 1008 1239 1046 23
1268 1007 1295 1046 8
1325 1004 1479 1054 dicitur,
1511 1007 1604 1044 urbs

153 1059 405 1111 municipalis
420 1062 730 1114 Mesopotamiae
748 1062 846 1110 fuit3
876 1061 986 1115 quod
1000 1063 1042 1099 in
1058 1061 1201 1098 finibus
1217 1062 1402 1113 Assyriae
1419 1063 1494 1099 sita
1510 1060 1553 1100 h.
1570 1063 1604 1101 1.

154 1113 341 1165 traditur,
370 1117 489 1156 latius
510 1117 659 1156 dictum
678 1124 752 1156 est.
1026 1127 1031 1133 '

265 1181 319 1221 ib.
344 1197 385 1223 v.
411 1185 478 1228 18.
534 1185 788 1225 Καλλινίκου.
844 1181 926 1222 vid.
958 1185 1112 1224 Comm-
1145 1181 1198 1222 ad
1228 1183 1259 1222 l.
1287 1186 1315 1226 9
1350 1182 1399 1221 de
1428 1182 1599 1223 Iudaeis.

264 1293 319 1336 ib.
344 1307 384 1333 v.
406 1296 476 1336 23.
534 1293 757 1347 discrepant
786 1301 964 1334 auctores
994 1294 1044 1333 de
1072 1296 1235 1333 navium
1259 1308 1439 1333 numero.
1495 1297 1597 1332 Am-

146 1349 306 1395 mianus
342 1350 423 1400 (28
459 1349 513 1401 3)
547 1353 749 1390 'onerarias
778 1364 901 1389 naves
930 1358 1110 1389 numerat
1136 1351 1272 1399 mille,
1309 1352 1595 1403 quinquaginta

147 1404 371 1446 bellatrices
387 1405 632 1459 totidemque
649 1406 701 1444 ad
716 1409 896 1459 pontium
912 1405 1267 1459 comparandorum
1287 1419 1417 1444 usum.
1460 1408 1595 1443 Zona—

146 1473 211 1499 m
239 1462 320 1514 (13
352 1460 431 1512 13)
462 1475 553 1502 cum
573 1465 733 1502 Zosimo
751 1463 833 1500 fere
856 1466 1082 1516 conspirans
1098 1464 1366 1517 septingentas
1384 1461 1505 1500 habet
1522 1464 1595 1502 tri-

144 1529 296 1567 remes,
324 1517 630 1571 quadringentas
654 1521 867 1557 onerarias.

254 1587 297 1626 p.
320 1573 396 1615 143
415 1587 454 1611 v.
474 1577 516 1615 9.
573 1575 624 1612 cf.
646 1576 845 1614 Ammian.
867 1577 920 1615 28
950 1574 991 1615 5.

252 1642 296 1681 p.
320 1629 396 1671 144
413 1643 454 1667 v.
471 1633 513 1671 7.
571 1627 729 1670 Ζαυθᾶ.
771 1630 971 1668 Ammian.
989 1631 1043 1670 23
1073 1627 1122 1668 5:
1144 1628 1318 1679 prcffeeti
1339 1629 1476 1665 exinde
1494 1629 1591 1665 Zaa:-

144 1683 256 1722 tham
282 1686 463 1722 venimus
491 1685 640 1731 locum,
669 1687 741 1737 qui
768 1685 855 1723 olea
884 1684 1003 1722 arbor
1031 1686 1321 1736 inim-pretatur,
1381 1684 1448 1720 hic
1484 1684 1589 1721 Gor-

142 1739 259 1778 diam'
279 1741 525 1791 imperatoris
549 1741 666 1792 longe
686 1742 940 1791 conspicuum
973 1739 1144 1778 vidimus
1172 1740 1369 1777 tumulum
1387 1746 1460 1776 etc.
1518 1739 1590 1776 sed

139 1807 223 1834 non
249 1809 296 1834 eo
323 1798 367 1833 in
389 1797 501 1845 1000,
529 1810 668 1835 verum
691 1799 809 1834 Duris
837 1795 1028 1834 Gordiani
1048 1796 1243 1847 templum
1265 1797 1387 1833 fuisse
1404 1795 1588 1833 Zosimus

138 1859 346 1891 memorat.
385 1854 514 1890 verior
529 1859 662 1891 autem
677 1852 778 1890 mihi
793 1851 950 1890 videtur
965 1854 1114 1890 Zosimi
1134 1865 1255 1903 quam
1272 1853 1473 1889 Ammiani
1489 1864 1586 1888 nar-

139 1909 262 1945 ratio:
288 1921 385 1945 nam
409 1909 621 1960 Eutropius
642 1915 682 1946 et
699 1909 826 1946 Rufus
846 1909 984 1946 Festus
1005 1907 1194 1946 Gordiani
1210 1908 1410 1946 tumulum
1430 1909 1483 1948 20
1504 1908 1584 1942 mi-

137 1960 244 2001 libus
263 1976 286 2001 a
310 1965 479 2002 Circesio
501 1972 626 2002 castro
647 1965 783 2002 abesse
811 1971 1025 2012 testantur3
1054 1962 1195 2001 Zaitha
1226 1970 1359 2001 autem
1383 1975 1462 2000 nou
1490 1963 1581 2012 plus

136 2030 261 2070 quam
286 2023 340 2061 60
367 2019 493 2058 stadia
521 2034 543 2057 a
568 2022 738 2058 Circesio
765 2021 895 2068 abest,
925 2033 1026 2072 quae
1050 2027 1203 2071 septem
1229 2026 1386 2056 tantum
1408 2019 1581 2055 miliaria

137 2074 360 2113 conficiunt.
398 2076 592 2114 Valesius.
666 2077 908 2127 Capitolinus
932 2078 974 2114 in
999 2077 1078 2114 vita
1104 2074 1293 2114 Gordiani
1313 2088 1348 2112 c.
1365 2072 1438 2114 34:
1475 2074 1580 2110 Gor-

135 2129 252 2169 diani
266 2130 518 2180 sepulchrum
537 2132 681 2170 milites
697 2133 811 2182 apud
831 2133 1022 2170 Circeium
1039 2132 1405 2182 castrumficetunt
1421 2129 1577 2176 infini-

138 2183 212 2224 bus
225 2186 419 2226 ‘Per-aidis.
478 2190 625 2226 iterum
643 2187 843 2226 dissensus
862 2201 915 2226 ex
933 2201 980 2226 eo
1000 2195 1106 2226 ortus
1117 2217 1130 2237 ,
1159 2186 1267 2240 quod
1286 2187 1355 2224 alii
1371 2187 1489 2222 latius
1507 2185 1576 2221 alii

133 2241 318 2281 subtilius
334 2243 511 2282 locorum
527 2246 692 2282 vicinias
710 2246 940 2282 metiuntur.

244 2321 287 2360 p-
307 2307 386 2351 146
402 2324 442 2348 v.
463 2313 530 2352 10.
585 2312 842 2350 Ammianus:
874 2312 1030 2349 Surena
1039 2317 1134 2362 poet
1150 2323 1281 2360 regem
1298 2308 1411 2360 apud
1430 2308 1575 2344 Persas

128 2365 364 2414 proauitae
381 2367 601 2417 dignitatis.
954 2379 956 2381 ·

243 2418 299 2458 ib.
318 2434 359 2458 v·
383 2425 446 2463 17.
502 2422 717 2460 Malechus
738 2422 958 2460 Podooaces
980 2423 1155 2467 nomine,
1177 2418 1423 2471 phylarchus
1446 2417 1573 2454 Sara-

134 2487 317 2513 cenorum
334 2476 638 2523 limaturam,
653 2478 812 2529 samos-i
830 2480 999 2517 nominis
1014 2478 1130 2515 latro.
1189 2476 1388 2513 Ammian.

242 2543 283 2581 p.
305 2531 385 2573 148
404 2546 444 2570 v.
464 2535 506 2575 5.
560 2535 696 2585 paullo
722 2534 837 2572 aliter
859 2533 960 2572 haec
987 2533 1106 2571 tradit
1130 2533 1365 2569 Ammianus
1391 2525 1470 2579 (24
1499 2526 1569 2577 2),

133 2586 204 2635 qui
228 2584 279 2623 da
306 2588 428 2638 copiis
453 2587 609 2627 hostem
633 2602 656 2627 a
680 2596 791 2640 tergo
820 2589 968 2628 adortis
995 2588 1097 2627 nihil
1126 2587 1258 2624 habet.
1316 2587 1462 2636 equites
1479 2596 1569 2619 cum

131 2641 315 2679 &ementis
344 2647 494 2684 ammi
524 2645 785 2685 clementiores
805 2648 988 2698 gurgites
1003 2644 1192 2696 fluminis
1219 2642 1414 2693 obliquati
1440 2646 1570 2676 trans-

132 2704 294 2736 nevum.
