1774 3002
620 77 980 134 msomsma
1381 91 1525 126 xxxm

75 197 331 239 mmm
355 203 492 250 erant,
521 206 712 253 tanquam
728 213 808 239 uno
827 200 911 239 ictu
929 199 1064 239 omnia
1080 206 1319 240 corruerent.
1343 201 1392 254 ¹)
1446 215 1519 242 sn-
1536 211 1575 246 p·
1594 208 1703 235 ¹1*ss

75 266 278 307 natabat.
295 266 455 306 interim
484 266 674 318 Stilicho,
703 280 824 321 quem
850 268 1038 306 ultimum
1060 269 1218 320 imperii
1241 269 1422 307 columen
1444 267 1523 309 ha·

75 335 223 375 bob-nt
246 335 439 383 Romani,
466 334 644 374 labantes
666 335 959 387 provinciarum
980 334 1032 373 ad
1055 348 1237 374 occasum
1259 349 1341 385 res,
1365 335 1419 387 ²)
1445 335 1521 376 do-

74 414 152 441 nec
171 415 221 440 oo
245 402 401 441 sublato
426 403 668 441 extrinsecus
690 403 803 441 illata
820 403 884 440 vis
903 415 989 440 rem
1009 403 1231 442 Romanam
1248 405 1406 455 penitus
1424 418 1521 456 pes-

75 468 290 509 sumdedit.
342 468 552 509 Ahrichus
565 471 672 508 enim
686 470 729 507 in
741 470 964 521 provincias
978 471 1246 509 Romanorum
1262 469 1411 510 effusus
1427 485 1520 511 cum

73 538 278 589 ingentem
299 535 597 575 multitudinem
619 544 703 575 tam
727 537 983 575 barbarorum
1010 549 1131 590 quam
1160 550 1386 587 servorum,
1415 551 1520 592 quaa

75 602 131 642 ad
158 617 252 643 enm
281 603 559 655 confugerant,
588 605 631 642 in
656 602 777 642 fidem
796 605 1006 655 recepisset
1025 605 1161 658 eisque
1179 618 1296 643 suum
1315 606 1435 644 robur
1451 607 1522 645 fir-

73 679 243 721 nasset,
264 669 317 723 ³)
344 671 544 709 Romanos
566 672 730 710 consilio
752 669 938 723 prudenti
959 669 1188 721 destitutos,
1217 678 1258 710 et
1278 672 1523 724 praesidium

73 751 204 792 neque
232 740 276 778 in
297 736 376 777 fide
402 738 656 781 barbarorum
673 738 725 790 ⁴)
753 751 884 792 neque
912 738 955 776 in
985 736 1131 778 ducum
1155 752 1251 778 suae
1277 741 1410 791 gentis
1439 740 1523 779 vir-

72 812 158 846 tute
178 804 231 858 ⁸.)
259 804 476 857 habentes,
503 807 560 845 ita
590 806 734 844 afflixit
762 812 829 856 ut,
860 806 1056 845 exstincto
1090 807 1216 845 ferme
1244 807 1405 845 nomine
1437 808 1523 846 Ro-

71 886 215 923 mano,
242 874 469 926 provinciae
501 881 615 912 extra
642 874 801 912 Italiam
828 873 913 912 fere
939 887 1077 914 omnes
1101 881 1168 913 aut
1188 874 1345 913 vastitie
1366 872 1522 913 deletae

72 949 143 982 aut
159 941 416 980 barbarorum
436 940 602 982 dicionis
620 942 748 980 factae
769 947 914 980 essent.

181 1053 228 1091 In
245 1050 311 1091 his
330 1052 619 1092 calamitatibus
633 1053 790 1105 imperii
806 1052 976 1091 Romani
991 1051 1199 1105 causisque
1219 1058 1259 1090 et
1278 1052 1430 1104 origiue
1450 1065 1522 1091 ea-

72 1132 161 1158 rum
186 1118 434 1172 explicandis
459 1134 550 1159 cum
568 1122 752 1160 Zosimus
770 1121 865 1159 satis
885 1120 1065 1158 sollerter
1080 1127 1119 1158 et
1139 1133 1231 1158 cum
1249 1118 1368 1158 laude
1383 1133 1522 1159 versa·

71 1194 136 1226 tus
167 1186 240 1237 sit,
271 1184 317 1225 id
338 1193 472 1225 tamen
500 1188 712 1236 miramur,
755 1185 863 1240 quod
885 1185 1063 1224 Alariehi
1086 1188 1261 1239 primum
1291 1187 1335 1224 in
1363 1188 1522 1226 Italiam

71 1251 307 1293 descensum
331 1253 450 1305 plane
475 1253 628 1302 omisit,
658 1260 698 1291 et
718 1253 935 1291 Alanorum
952 1252 1224 1293 Vandalorum
1242 1260 1282 1292 et
1298 1253 1520 1293 Suevorum

69 1321 115 1360 in
133 1318 305 1359 Galliam
321 1321 580 1373 irruptionem
597 1321 724 1359 obiter
742 1328 897 1359 tantum
915 1322 1058 1373 attigit,
1074 1320 1124 1373 ⁸)
1153 1334 1245 1359 cum
1259 1327 1393 1359 tamen
1409 1328 1522 1359 ntra-

70 1401 150 1444 que
167 1388 371 1427 calamitas
390 1386 442 1426 ad
457 1386 658 1427 excidium
680 1389 837 1441 imperii
860 1388 1132 1427 efficacissima
1149 1389 1358 1427 exstiterit.
1415 1401 1520 1442 quae

70 1455 319 1495 ohsidionem
355 1457 506 1494 Romae
538 1454 753 1495 secundam
784 1469 855 1494 seu
880 1457 1062 1505 tertiam,
1092 1457 1203 1494 cuius
1228 1462 1362 1494 noster
1379 1456 1422 1493 in
1441 1456 1520 1494 fine

68 1521 258 1564 historiae
274 1523 518 1562 mentionem
535 1523 652 1573 facit,
682 1529 923 1576 exceperunt
940 1523 1047 1560 mala
1064 1530 1104 1561 et
1121 1524 1261 1561 ultima
1277 1523 1415 1561 Italiae
1437 1524 1521 1562 cla-

70 1589 164 1642 des,
192 1589 384 1646 quamdiu
414 1591 470 1628 ibi
500 1591 775 1643 imperatoriae
805 1589 1010 1641 dIgnitatis
1033 1591 1174 1628 umbra
1198 1592 1372 1641 exstitit,
1408 1606 1455 1630 ea
1475 1594 1518 1630 in

69 1660 222 1698 Zosimi
245 1657 410 1697 historia
433 1659 612 1697 fortunae
631 1658 838 1710 iniquitate
862 1655 1154 1706 desiderantur,
1183 1671 1262 1711 quo
1284 1659 1453 1697 efficitur
1473 1666 1519 1698 ut

70 1727 340 1765 calamitatum
362 1726 520 1777 imperii
547 1726 743 1777 expositio
767 1723 876 1762 haud
894 1723 955 1783 ad‘
964 1723 1084 1761 finem
1099 1722 1287 1776 perducta
1305 1726 1369 1764 sit.
1425 1733 1519 1764 tan-

70 1793 164 1832 dem
197 1793 304 1832 orbis
336 1793 507 1831 Romani
541 1790 642 1830 haec
675 1792 753 1829 fuit
778 1793 931 1830 Zosimi
956 1798 1084 1830 aetate
1116 1791 1239 1829 facies
1269 1804 1316 1829 ac
1344 1792 1519 1832 fortuna.

68 1861 204 1900 omnia
233 1873 258 1899 a
281 1859 458 1898 barbaris
487 1859 745 1909 tenebanturr,
772 1859 986 1912 pleraeque
1014 1859 1063 1896 ab
1090 1859 1140 1897 iis
1163 1859 1388 1910 provinche
1405 1867 1518 1899 erant

68 1935 303 1982 occupatae,
333 1933 485 1965 ceterae
510 1932 579 1964 aut
607 1927 670 1964 sni
694 1927 791 1965 iuris
812 1927 940 1964 factae
968 1932 1036 1963 aut
1062 1926 1167 1977 agi-Is
1191 1925 1426 1980 oppidisque
1443 1940 1518 1966 va·

67 1997 180 2035 statis
212 1993 411 2043 desertae,
454 1993 554 2032 adeo
581 1999 627 2032 ut
654 1994 773 2033 urbes
800 1994 903 2032 aliae
929 1995 984 2031 ita
1010 2006 1034 2031 a
1062 1991 1332 2032 fundamentis
1359 1995 1518 2032 excisae

66 2067 200 2101 essent
225 2067 271 2100 ut
291 2062 460 2114 vestigia
485 2063 559 2100 vix
582 2060 792 2100 hominum
822 2062 948 2100 oculis
981 2061 1164 2113 cognosci
1194 2067 1377 2112 possent,
1413 2062 1518 2099 aliae

66 2126 261 2168 haberent
293 2129 466 2178 incolas,
505 2127 578 2168 sed
606 2142 714 2168 raros
740 2142 887 2181 egenos
913 2135 953 2167 et
980 2127 1033 2166 ad
1062 2135 1284 2166 extremam
1310 2129 1516 2167 miseriam

65 2193 262 2235 redactos.
281 2196 303 2223 7
319 2194 337 2246 )
393 2196 666 2247 ingeniorum,
695 2209 866 2250 quorum
885 2196 1000 2249 quasi
1017 2203 1152 2248 segete
1173 2195 1271 2234 olim
1288 2209 1352 2235 res
1370 2194 1516 2235 huma·
1535 2210 1572 2244 p.
1591 2207 1715 2234 xxvm

66 2276 145 2302 nae
168 2264 399 2315 viguerant,
435 2264 620 2302 sterilitas
645 2265 867 2302 invaluerat
893 2265 1093 2313 maxima,
1117 2262 1169 2314 ⁸)
1204 2269 1244 2301 et
1273 2264 1396 2304 virtus
1426 2264 1517 2301 bel-

64 2330 147 2370 lica
168 2329 222 2383 ⁹)
251 2343 298 2368 ac
322 2330 480 2381 literae,
506 2330 584 2382 ¹⁰)
624 2331 768 2384 quibus
794 2331 986 2372 florebant
1009 2332 1106 2371 olim
1128 2331 1321 2381 Romani,
1357 2331 1516 2383 penitus

69 2411 139 2438 eos
162 2397 433 2438 destituerunt.

162 2612 198 2655 1)
230 2612 251 2646 5
283 2611 452 2648 13-23.
630 2612 671 2657 2)
702 2611 725 2649 5
753 2611 810 2648 34.
989 2611 1086 2692 3)55
1057 2609 1175 2699 94}
1285 2606 1440 2688 mg)
1431 2607 1518 2688 δεῖ·

69 2655 113 2745 {3
138 2656 163 2735 i
192 2657 250 2735 {³⁹
409 2657 591 2748 953564'1'2
772 2656 1092 2748 R>³5⁷2⁹z⁴ae²
1183 2652 1309 2775 ⁵:²2²

128 2763 297 2802 zoes-us.
