1812 3016
305 90 402 139 360
835 94 1193 138 REITEMEIERI

304 216 347 240 re
375 202 491 239 milit.
519 203 545 242 7
577 202 607 239 l.
633 203 684 242 18
714 203 774 239 tit.
805 205 847 252 1,
877 203 1003 244 et81.
1025 204 1076 244 10
1095 204 1154 240 tit.
1177 205 1216 245 1.
1273 202 1435 240 alteram
1461 215 1552 240 vero
1581 200 1730 240 Zosimi

305 259 613 310 querimoniam,
642 259 786 296 milites
819 272 841 309 a
871 259 1063 295 limitibus
1095 258 1280 296 deductos
1307 258 1488 306 urbibus,
1515 259 1558 294 in
1589 259 1730 309 quibus

305 321 458 360 essent,
487 313 673 350 molestos
698 314 817 351 fuisse
839 321 877 351 et
898 314 1145 364 disciplinam
1165 315 1242 351 otio
1262 321 1300 351 et
1317 315 1474 351 luxuria
1499 321 1728 364 corruptam,

304 370 492 406 Libanius
521 367 663 419 (assid.
690 383 730 420 p.
758 369 859 420 108)
890 370 1115 407 confirmare
1143 369 1316 417 videtur,
1346 371 1415 421 qui
1444 370 1590 406 milites
1613 368 1731 405 tradit

304 426 347 461 in
371 425 531 461 urbibus
553 431 590 461 et
615 427 717 474 agris
737 423 922 462 dissolute
943 428 1104 463 vixisse.
1161 433 1328 476 quantae
1358 426 1503 462 fuerint
1533 426 1732 475 copiarum

304 482 567 517 Romanarum
584 481 654 517 sub
675 482 915 518 Constantini
933 482 1022 518 filiis
1045 482 1298 532 corruptelae,
1327 482 1436 518 testis
1455 482 1627 517 maxime
1642 479 1731 516 ido-

304 548 401 573 neus
421 535 532 572 docet
552 537 783 573 Ammianus
806 540 859 577 22
887 536 935 577 4:
967 536 1108 587 quibu-s·
1125 545 1207 573 tam
1221 536 1428 573 maculosis
1447 536 1732 584 acces-setesta-

299 592 403 642 gitia
423 591 654 640 disciplinae
671 594 892 637 castrensis,
921 606 1011 629 eum
1027 593 1138 629 miles
1157 592 1374 629 cantilenas
1392 592 1641 628 meditaretur
1654 603 1730 640 pro

302 646 424 683 iubilo
453 647 663 691 molliores,
693 654 730 683 et
751 661 829 683 non
850 661 988 684 saxum
1009 655 1107 692 erat,
1136 655 1182 684 ut
1201 648 1386 693 antehac,
1413 654 1564 684 armato
1586 647 1731 691 cubile,

302 703 373 739 sed
382 703 525 752 pluma
542 710 578 738 et
580 703 738 751 flexiles
755 703 891 739 lectuli
905 711 939 739 et
953 705 1143 754 graviora
1163 703 1312 754 gladiis
1321 703 1488 753 poeula;
1517 709 1614 739 testa
1630 703 1731 738 enim

303 757 429 794 bibere
448 759 529 794 iam
538 757 715 807 pudebat
716 786 732 803 ,
761 765 798 794 et
813 758 1099 808 quaerebantur
1112 760 1224 796 aedes
1245 772 1498 804 marmoreae,
1526 771 1615 794 cum
1634 758 1732 794 scri-

295 821 414 863 ptum
433 814 486 848 sit
505 815 548 850 in
574 814 874 864 antiquitatibus
895 815 1140 864 Spartanum
1158 815 1322 851 mititem
1344 815 1550 851 coercitum
1571 814 1731 858 aeriter,

303 869 411 919 quod
432 870 660 918 procinctus·
690 876 857 919 tempore
881 883 1002 906 ausus
1029 872 1082 907 sit
1109 870 1235 907 videri
1257 870 1333 910 sibi
1360 869 1433 907 sub
1467 877 1576 907 tecto.
1634 869 1731 906 adeo

301 932 433 960 autem
449 924 569 974 ferox
591 931 673 960 erat
690 925 732 961 in
750 939 840 962 suos·
860 925 941 962 illis
961 925 1195 976 temporibus
1212 926 1324 963 miles
1339 933 1377 962 et
1390 939 1546 975 rapax,v
1561 927 1733 976 ignavus

301 993 390 1016 vero
410 982 451 1016 iu
468 980 593 1016 hostes
610 987 645 1015 et
647 980 827 1029 fractus,
857 988 901 1017 ut
910 995 986 1031 per
1002 982 1250 1018 ambitionem
1268 983 1464 1032 otiumque
1481 980 1618 1030 opibus
1629 994 1732 1030 par-

302 1042 364 1071 tas·
391 1037 483 1072 auri
512 1043 549 1071 et·
576 1035 804 1085 lapillorum
832 1039 1036 1074 varietates·
1058 1038 1314 1075 discernerent
1331 1038 1593 1074 scientissime.
1651 1037 1733 1074 Va-

300 1090 406 1128 lente
434 1105 474 1127 r(
477 1098 619 1141 gnante
650 1105 709 1128 res
734 1093 913 1130 militaris
940 1091 1047 1130 haud
1074 1094 1235 1130 meliore
1264 1092 1490 1130 condicione
1513 1093 1610 1129 fuit:
1638 1104 1732 1128 nam

299 1145 544 1184 Themistius
575 1148 656 1197 (or.
681 1148 732 1186 10
751 1161 790 1198 Ρ.
813 1151 888 1188 136
911 1148 974 1186 ed.
993 1148 1212 1200 Harduini)
1242 1147 1340 1186 haec
1365 1147 1505 1186 tradit:
1535 1146 1729 1199 (Valens)

300 1205 378 1241 τῶν
406 1203 613 1255 φοουρίων
634 1199 682 1241 τοὶ
703 1202 772 1254 μὲν
795 1199 1048 1257 ᾠκοδόμησεν
1069 1204 1111 1244 ἐκ
1134 1206 1294 1256 καινῆς,
1323 1201 1371 1244 voi
1388 1202 1432 1244 δὲ
1450 1200 1636 1273 ἀνέστησε
1658 1218 1732 1242 κα-

298 1258 594 1323 τατετριμμένα,
622 1261 704 1304 τοῖς
733 1257 775 1297 δὲ
803 1259 1026 1310 προσέθηκε
1054 1258 1097 1300 τὸ
1125 1259 1260 1300 ἐνδέον
1279 1257 1415 1310 υψους
1436 1258 1508 1311 μὲν
1527 1254 1557 1312 ’ᾖ
1575 1263 1732 1310 χθαμα-

299 1309 470 1364 λωτερον
498 1315 573 1363 ἠν,
600 1309 752 1364 πάχους
779 1311 860 1353 δὲ
846 1311 948 1354 όπου
975 1313 1117 1355 τούτου
1138 1315 1334 1365 προσέδει,
1363 1312 1508 1362 ὓδατος
1529 1313 1572 1355 δὲ
1596 1311 1731 1364 ἄφθο-

300 1369 393 1407 νὶαν
411 1368 442 1419 ἦ
460 1364 582 1421 ταύτῃ
601 1365 800 1433 πρότερον
814 1369 992 1418 ἐπιέζετο,
1018 1386 1178 1422 τροφων
1198 1369 1241 1411 δὲ
1256 1367 1488 1422 θησαυρούς
1504 1369 1732 1421 ἁπανταχοῦ

300 1422 369 1463 καὶ
386 1423 544 1475 λιμένας
561 1426 632 1473 τῆς
645 1420 875 1491 γειτνιώσης
892 1422 1098 1476 θαλάσσης
1117 1426 1184 1466 καὶ
1204 1423 1436 1492 στρατιώτας
1453 1426 1494 1466 ἐκ
1512 1423 1731 1478 καταλόγου

299 1478 367 1518 καὶ
389 1494 590 1545 φρουρους
611 1477 681 1518 τόν
706 1476 878 1531 α’ριθμὸν
900 1496 948 1521 ου
972 1481 1244 1533 ψευδομένους
1260 1481 1326 1521 καὶ
1346 1478 1448 1522 daza
1467 1481 1533 1521 καὶ
1553 1481 1645 1532 βέλη
1663 1480 1732 1521 καὶ

300 1531 581 1587 μηχανήματα,
610 1531 764 1575 ἅπαντα
783 1537 838 1582 εἰς
858 1534 903 1576 το“
924 1536 1081 1588 ἔσχατον
1102 1536 1357 1589 ἐξητασμένα·
1385 1538 1479 1584 τέως
1500 1535 1570 1588 μὲν
1591 1534 1664 1589 γὰρ
1688 1536 1732 1576 ἐκ

295 1593 369 1640 τῆς
396 1590 486 1639 περὶ
514 1606 585 1637 τας
593 1588 790 1657 φρουράς
823 1587 1095 1644 ὄλιγωρήσεως
1136 1590 1459 1633 ἔπεπιστεῦκεσαν
1486 1593 1529 1633 οἱ
1551 1591 1731 1643 πολέμιοι

297 1642 367 1685 ἐπ’
403 1642 538 1692 αὐτοῖς
577 1642 745 1696 ἀτέχνως
778 1651 935 1686 κεῖσθαι
968 1647 1046 1687 καὶ
1067 1646 1136 1687 τόν
1161 1645 1332 1699 πόλεμον
1360 1647 1428 1688 καὶ
1453 1646 1526 1698 τήν
1552 1646 1730 1715 εἰρήνην,

299 1699 468 1753 ὁρωντες
498 1717 590 1748 τους
619 1699 691 1752 μὲν
713 1714 951 1769 στρατιωτας
979 1700 1029 1743 ου’
1055 1701 1177 1754 μόνον
1195 1700 1413 1754 ανόπλους,
1440 1699 1536 1743 α’λλᾶ
1557 1702 1624 1743 καὶ
1644 1699 1730 1755 α’χί-

297 1771 427 1804 τωνας
457 1772 551 1804 τους
578 1754 748 1804 πολλοὺς
764 1757 831 1798 καὶ
850 1762 933 1805 ταῖς
953 1763 1101 1810 ψυχαῖς
1119 1759 1186 1799 καὶ
1203 1765 1286 1807 τοῖς
1305 1757 1455 1810 σώμασι
1478 1774 1730 1799 καταπεπτω-

297 1809 437 1858 κότας,
466 1811 720 1864 φρουράρχοις
744 1811 786 1852 δὲ
809 1813 875 1853 καὶ
895 1817 975 1853 τῶν
997 1811 1260 1864 ἀνδραπόδων
1281 1812 1500 1866 καπήλους,
1531 1811 1590 1862 οἷς
1613 1817 1728 1855 τοῦτο

297 1862 425 1917 μόνον
451 1868 563 1919 ἔργον
593 1867 840 1921 προσέκειτο,
868 1873 1027 1910 πλεῖστα
1046 1870 1117 1921 μὲν
1137 1867 1394 1922 ω’νήσασθαι,
1422 1874 1581 1910 πλεῖστα
1600 1868 1642 1910 δὲ
1660 1869 1729 1910 καὶ

298 1919 596 1973 απεμττολῆσαι,
631 1938 710 1962 των
739 1928 928 1974 φυλακῶν
956 1924 997 1964 δὲ
1028 1926 1284 1966 ἐλαττοῦσθαι
1303 1924 1373 1966 το“ν
1379 1921 1588 1991 αοιθμόν,
1619 1922 1728 1972 ὅπως

298 1974 350 2015 ἆν
370 1978 518 2029 γέιοιτο
535 1979 672 2030 κέρδος
690 1975 827 2028 αὐτοῖς
843 1997 869 2032 η
887 1980 1121 2033 μισθοφορά
1137 1997 1216 2022 των
1238 1977 1514 2030 ἐκλειπόντων,
1543 1983 1665 2020 ταῦτα
1684 1979 1728 2021 δὲ

297 2030 344 2072 τοὶ
369 2031 544 2084 φρούρια
564 2032 870 2085 κατερρυηκότα,
899 2052 1028 2088 γυμνα
1051 2037 1116 2077 καὶ
1135 2034 1363 2086 ἀνθρώπων
1380 2036 1444 2076 καὶ
1465 2033 1610 2077 ὅπλων.

408 2103 447 2139 Ρ.
475 2091 548 2128 101
573 2103 609 2125 v.
631 2093 670 2130 7.
726 2103 805 2127 non
834 2105 931 2139 una,
961 2099 1005 2129 ut
1030 2095 1178 2130 Zosimi
1205 2092 1386 2130 videntur
1410 2094 1571 2129 innuere
1595 2093 1726 2140 verba,

298 2145 441 2181 Caesar
461 2151 623 2195 uterque
644 2146 767 2182 factus
791 2154 866 2194 est,
897 2146 966 2184 sed
990 2147 1177 2186 decennio
1200 2149 1449 2198 interposito,
1481 2149 1728 2185 Constantius

300 2212 336 2235 a.
369 2203 446 2240 323
477 2201 558 2236 sive
586 2201 688 2248 324,
719 2203 907 2241 Constans
934 2216 970 2241 a.
999 2206 1094 2245 333.
1152 2205 1203 2243 cf.
1232 2205 1461 2243 Tillemont.
1482 2210 1508 2242 t.
1534 2203 1561 2244 4
1583 2218 1624 2255 Ρ.
1646 2202 1728 2245 645

299 2261 337 2291 et
365 2257 457 2296 657.

407 2323 447 2360 p.
470 2313 546 2351 102
565 2324 603 2348 v.
622 2311 660 2352 5.
718 2311 975 2362 Erythraeam
989 2344 999 2362 ,
1029 2316 1076 2352 ab
1107 2316 1202 2352 urbe
1228 2313 1421 2364 Phrygiae
1443 2327 1587 2352 nomen
1609 2315 1726 2352 sorti-

300 2373 403 2412 tam,
443 2365 609 2404 eandem
637 2368 758 2405 credit
788 2370 972 2407 Gallaeus
1002 2370 1082 2421 (ad
1118 2371 1269 2408 Oracul.
1300 2371 1440 2420 Sibyll.
1473 2369 1566 2407 diss.
1597 2373 1615 2409 1
1645 2383 1678 2406 o.
1699 2371 1726 2408 6

297 2434 338 2470 p-
366 2421 466 2471 113)
498 2435 587 2459 cum
613 2424 785 2460 Cumana
813 2425 983 2474 Sibylla,
1015 2425 1208 2464 diversam
1235 2425 1366 2462 autem
1386 2439 1407 2462 a
1424 2425 1632 2471 Phatmno,
1662 2425 1726 2461 cui

298 2478 502 2525 posteriori
534 2477 791 2529 adstipulatur
819 2481 982 2517 Tzetzes
1009 2480 1109 2518 Chil.
1143 2485 1183 2523 9.
1247 2483 1282 2517 is
1309 2480 1510 2518 Phaeuam
1540 2480 1724 2530 appellat,

298 2544 418 2581 quam
435 2534 502 2569 alii
523 2532 686 2574 Φαεννιό
707 2543 745 2573 et
767 2536 978 2572 Pausanias
1000 2538 1219 2586 Φαεννίδα,
1252 2538 1353 2585 regis
1373 2535 1574 2574 cuiusdam
1594 2534 1725 2572 Chao-

298 2587 511 2635 mitiliani,
545 2602 644 2641 quae
665 2592 760 2628 olim
774 2590 932 2627 fatidica
949 2592 1087 2629 fuerat.
1119 2594 1173 2629 R.
1232 2592 1439 2628 lectionem
1458 2587 1617 2630 Φαελλῶ
1638 2604 1724 2627 cor—

299 2649 452 2691 ruptam
475 2657 559 2681 esse
579 2645 756 2684 dubitare
773 2659 853 2683 non
873 2647 1018 2684 licebit.
1075 2655 1167 2685 nota
1190 2649 1282 2684 satis
1303 2654 1361 2684 est
1382 2644 1546 2686 Φαεννῶ
1556 2677 1567 2695 ,
1596 2647 1659 2683 vel
1681 2653 1725 2682 ut

296 2698 527 2748 Pausanias,
571 2702 752 2751 Φαεννίς.
823 2714 876 2739 ex
912 2715 989 2755 quo
1025 2704 1144 2741 etiam
1174 2709 1323 2742 constat
1355 2702 1545 2741 I’haenno
1578 2703 1724 2740 vixisse
