1812 3016
275 61 373 107 392
813 63 1170 107 REITEMEIERI

275 184 356 209 non
384 171 468 208 sine
493 169 571 208 fide
595 170 783 210 traditum
808 170 1035 220 habebitur,
1066 169 1279 209 dummodo
1300 171 1503 222 utriusque
1528 167 1707 207 testimo-

276 228 389 264 nium
421 226 471 264 de
505 227 667 266 diversis
694 229 935 279 temporibus
962 229 1216 278 intelligatur.
1274 225 1568 264 multitudinem
1601 225 1707 261 enim

276 284 450 320 militum
475 283 725 333 postmodtun
750 297 989 334 magnopere
1015 290 1170 320 auctam
1190 283 1313 321 fuisse
1334 283 1400 321 vel
1419 283 1502 334 ipse
1525 282 1707 319 Zosimus

278 339 343 390 (c.
363 337 443 389 30)
474 342 635 390 exponit
654 340 955 377 accuratissime.

389 408 428 445 p-
449 397 530 435 206
554 409 593 432 v.
617 394 681 436 14.
738 395 816 432 huc
842 396 1011 446 pertinet
1037 394 1146 431 locus
1174 394 1331 431 Libanii
1360 393 1481 444 (orat.
1501 390 1552 429 ad
1569 393 1710 429 Antio-

279 448 424 487 chenos
445 463 486 500 p.
511 450 559 490 18
582 450 644 488 ed.
669 450 875 502 Morell.)‚
901 453 942 487 in
969 462 1046 501 quo
1067 450 1267 487 fortunam
1289 448 1456 486 divitum
1477 449 1571 485 olim
1590 448 1711 484 sami-

277 506 421 544 liariun
442 505 641 556 deplorat,
672 520 771 559 quae
790 509 845 544 ita
867 508 991 557 ipsius
1011 513 1134 542 aetate
1154 507 1291 556 opibus
1312 512 1421 542 erant
1441 503 1647 541 destitutae
1668 508 1711 539 ut

281 560 332 599 ad
350 563 556 612 penuriam
574 565 750 600 omnium
768 576 899 600 rerum
919 568 1207 613 egestatemque
1228 560 1406 598 redactae
1427 566 1568 598 essent.

391 631 431 667 p·
454 620 532 658 207
555 631 595 654 v.
614 619 654 660 4.
711 618 791 656 vid.
813 620 964 655 Comm.
984 615 1033 654 ad
1051 618 1078 653 l.
1097 620 1122 658 7
1146 630 1179 653 c.
1195 615 1276 654 Th.
1298 615 1346 653 de
1363 629 1505 668 pagan.
1562 613 1715 652 habue-

282 679 372 710 runt
404 674 509 709 enim
534 675 700 723 gentiles
721 675 791 711 sub
815 672 1041 711 Theodosio
1063 674 1174 710 annis
1191 674 1271 713 379
1293 678 1331 709 et
1349 674 1429 713 380
1454 669 1583 708 adhuc
1603 676 1715 720 pote-

283 736 423 766 statem
442 728 613 766 adeundi
629 731 791 781 templa,
821 742 922 782 quae
940 727 1149 779 adempta'
1139 730 1188 766 iis
1205 741 1241 765 a.
1260 729 1355 770 381.
1391 726 1474 766 vid.
1490 727 1593 764 infra
1609 738 1642 762 c.
1662 726 1714 766 33

282 785 326 820 in
348 784 616 823 fi11.Ritter.

395 839 449 876 ib.
475 853 514 876 v.
536 843 575 880 6.
634 841 754 877 etiam
782 840 972 891 Synesius
1002 837 1079 891 (de
1113 851 1234 889 regno
1265 852 1306 890 p.
1334 840 1387 880 21
1417 837 1555 890 seqq.)
1585 841 1719 874 auctor

286 901 345 932 est
358 924 368 942 ,
398 894 634 946 adscriptam
649 897 822 933 militum
840 897 1014 932 numeris
1033 908 1056 931 a
1073 893 1300 932 Theodosio
1317 894 1570 935 barbarorum
1593 892 1719 929 collu-

285 953 392 987 viem
417 964 521 998 esse,
552 953 734 1003 civesque
764 953 979 989 vacationis
1006 963 1029 987 a
1053 951 1195 987 militia
1223 949 1472 987 commodum
1494 949 1620 1000 pretio
1645 947 1720 984 sibi

285 1019 555 1056 comparasse3
587 1019 687 1058 quae
718 1006 879 1059 quidem
907 1007 1062 1044 collatio
1087 1005 1228 1043 alendo
1245 1006 1409 1043 barbaro
1426 1006 1563 1052 militi,
1593 1015 1721 1055 quan-

287 1061 503 1126 doquidem
535 1061 586 1098 ad
617 1062 902 1113 stipendiorum
927 1063 1177 1099 necessitates
1195 1075 1246 1098 ne
1269 1062 1456 1112 religione
1476 1059 1638 1112 quidem
1657 1071 1722 1095 sa·-

287 1119 442 1168 crisque
468 1119 707 1168 templorum
731 1121 944 1169 imperator
971 1119 1157 1155 abstinuit
1194 1118 1368 1169 (zosim.
1401 1116 1428 1157 4
1465 1115 1570 1166 59),
1615 1111 1724 1150 haud

288 1172 489 1210 suffecisse
515 1173 682 1211 videtur.
740 1173 929 1226 quicquid
953 1181 1088 1224 postea
1115 1172 1292 1211 hostibus
1318 1173 1541 1224 oppositum
1562 1170 1723 1216 roboris,

287 1229 542 1265 barbarorum
580 1232 708 1279 magis
744 1243 862 1281 quam
891 1231 1156 1266 Romanorum
1179 1230 1265 1266 fuit.
1322 1231 1364 1266 in
1395 1229 1511 1266 bellis
1540 1226 1724 1264 adversus

287 1285 512 1320 Maximum
540 1291 578 1320 et
606 1286 830 1334 Eugenium
858 1292 1067 1334 tyrannos,
1099 1283 1315 1321 Gothorum
1340 1285 1430 1335 plus
1450 1296 1570 1335 quam
1587 1281 1726 1331 viginti

289 1340 401 1375 milia
431 1338 626 1389 stipendia
650 1341 827 1377 fecerunt
855 1339 1093 1389 (lornandes
1113 1339 1161 1376 de
1182 1341 1263 1376 reb.
1285 1341 1373 1376 Get.
1395 1353 1428 1377 c.
1450 1342 1517 1379 28.
1574 1338 1624 1374 cf.
1647 1339 1726 1374 Ζο-

293 1396 382 1431 sim-
415 1395 442 1433 4
479 1394 532 1434 45
564 1401 602 1431 et
631 1395 735 1446 57);
779 1396 933 1446 Cpolim
962 1397 1101 1444 ingens
1131 1396 1385 1432 barbarorum
1413 1392 1625 1431 multitudo
1656 1391 1729 1428 de-

294 1448 410 1485 ducta
440 1447 664 1500 (Themist.
693 1464 749 1488 or.
779 1450 881 1501 18),
920 1457 957 1487 et
984 1452 1210 1488 Pannoniae
1239 1452 1376 1498 urbes,
1405 1447 1729 1500 populationibus

295 1504 531 1541 iamdudum
567 1514 795 1551 evacuatae,
824 1520 851 1542 a
874 1506 1134 1543 militantibus
1150 1506 1222 1543 sub
1250 1506 1461 1543 Theodosio
1482 1504 1636 1555 Scythis
1653 1505 1730 1540 im-

291 1560 424 1610 pletae
442 1567 534 1596 sunt
563 1560 718 1611 (Pacat.
739 1563 886 1611 Paneg.
909 1575 941 1598 c.
962 1565 1014 1602 32
1025 1560 1057 1611 ).

406 1628 447 1665 p.
467 1617 547 1655 209
571 1629 609 1653 v.
632 1617 697 1656 10.
754 1618 795 1653 in
823 1617 1056 1667 explicando
1087 1630 1133 1654 eo
1161 1617 1268 1654 bello
1292 1629 1370 1668 quo
1389 1616 1544 1653 barbari
1564 1628 1635 1666 per
1652 1621 1731 1651 tres

297 1683 422 1708 anuos
444 1672 663 1720 provincias
681 1672 907 1722 populando
931 1674 1127 1710 Romanas
1149 1679 1364 1720 vexarunt,
1392 1674 1574 1709 Zosimus
1597 1671 1735 1720 copio-

297 1739 365 1764 sus
387 1725 570 1777 quidem,
600 1726 671 1765 sed
687 1741 769 1764 non
786 1730 880 1765 satis
899 1727 1066 1778 difigens
1086 1729 1180 1775 fuit3
1212 1730 1356 1780 quippe
1372 1734 1563 1778 tempora,
1592 1726 1734 1777 quibus

299 1782 500 1833 quaelibet
526 1795 588 1820 res
617 1790 726 1833 gesta
751 1785 823 1831 sit,
853 1790 988 1820 notare
1012 1791 1050 1820 et
1070 1785 1311 1821 incursiones
1333 1797 1404 1820 suo
1426 1782 1560 1820 ordine
1580 1794 1734 1818 memo-

299 1850 386 1874 rare
418 1838 610 1886 neglexit.
666 1838 760 1875 iude
785 1840 933 1876 factum
960 1846 1018 1876 est
1033 1846 1076 1876 ut
1096 1852 1148 1876 ex
1168 1841 1275 1876 omni
1292 1840 1511 1876 narratione
1532 1839 1614 1875 eius
1633 1835 1734 1873 nihil

302 1893 473 1941 amplius
472 1866 643 1944 Dliquido
665 1901 826 1943 constet,
858 1908 977 1946 quam
995 1894 1100 1946 quod
1117 1894 1378 1942 Theodosius,
1408 1901 1619 1945 antequam
1635 1894 1736 1929 Gra-

302 1949 402 1984 tiani
432 1949 581 1985 auxilio
615 1948 769 1986 adiutus
797 1957 918 1999 esset,
946 1950 1064 1987 modo
1093 1952 1216 1988 victor
1241 1949 1359 1987 modo
1386 1951 1510 1986 victus
1537 1949 1632 1996 fuit,
1661 1961 1735 1998 ope

302 2015 396 2039 vero
425 2003 600 2039 Gratiani
626 2004 811 2042 barbaros
839 2006 948 2043 fusos
977 2006 1119 2043 finibus
1146 2007 1322 2057 expulit3
1355 2005 1496 2057 quibus
1522 2004 1637 2042 rebus
1662 2016 1736 2040 nec

305 2057 425 2094 ceteri
442 2058 687 2108 refragantur
703 2062 922 2110 scriptores.

416 2125 456 2162 p.
477 2115 559 2153 210
579 2127 616 2150 v.
638 2113 679 2154 4.
735 2117 819 2152 sine
839 2116 1036 2166 praesidio
1060 2124 1099 2154 et
1117 2117 1240 2154 tutela
1258 2116 1397 2153 urbem
1413 2113 1737 2152 Thessalonicam

307 2174 348 2205 et
365 2169 567 2217 regionem
587 2170 925 2208 circumiacentem
943 2173 1064 2210 fuisse
1082 2173 1312 2210 Ambrosius
1330 2177 1494 2208 testatur
1511 2183 1573 2220 ep.
1591 2172 1660 2211 22.

420 2222 474 2259 ib.
498 2237 534 2260 v.
552 2224 620 2265 24.
678 2227 880 2277 θρίαμβον
899 2227 1076 2267 tantm.
1131 2227 1229 2264 haec
1250 2229 1323 2264 etsi
1342 2226 1555 2273 invidiose,
1585 2232 1629 2262 ut
1649 2225 1740 2276 qui-

307 2276 478 2315 busdam
494 2281 635 2327 visum,
663 2281 705 2316 in
724 2283 1001 2331 imperatorem
1019 2282 1282 2321 Christianum
1301 2282 1403 2318 dicta
1422 2295 1502 2318 non
1522 2283 1612 2328 sint,
1637 2286 1740 2317 certe

309 2341 444 2370 tamen
474 2347 564 2371 cum
589 2341 813 2385 temporum
841 2340 990 2375 ratione
1015 2337 1122 2375 haud
1146 2339 1418 2375 convenienter
1438 2338 1616 2387 exposita
1636 2342 1740 2373 sunt.

313 2390 361 2426 ab
383 2390 470 2426 aliis
491 2392 596 2427 enim
626 2390 888 2442 (Philostorg.
914 2396 939 2433 9
972 2392 1049 2444 19)
1078 2395 1289 2430 memoriae
1316 2392 1515 2443 proditum
1541 2398 1619 2438 est,
1646 2403 1741 2440 pro-

313 2445 444 2494 fligato
473 2446 554 2482 iam
580 2446 706 2495 bello,
736 2446 785 2484 de
812 2448 986 2486 barbaris
1016 2449 1068 2486 ad
1096 2450 1284 2487 Sirmium
1310 2450 1499 2499 superatis
1520 2444 1741 2497 triumpha-

314 2507 397 2536 tum
421 2513 519 2538 esse.

425 2568 466 2605 p-
488 2559 566 2596 211
588 2570 626 2595 v.
643 2559 686 2598 2.
741 2558 998 2598 συνεκτείνων
1019 2557 1062 2599 δὲ
1078 2561 1134 2599 τῶ
1150 2562 1222 2610 τῆς
1239 2555 1387 2605 πόλεως
1406 2557 1562 2609 μεγέθει
1581 2553 1655 2608 τὴν
1671 2558 1744 2606 τῆς

314 2613 472 2661 τροφῆς
490 2607 694 2664 α’μετρίαν,
725 2611 768 2650 h.
788 2627 824 2651 e.
847 2621 955 2651 tanto
974 2616 1120 2651 maiore
1142 2615 1241 2651 luxu
1262 2628 1369 2651 nunc
1386 2628 1497 2658 usas,
1525 2626 1602 2664 quo
1621 2613 1744 2648 ηιαὶον

317 2673 414 2702 esset
439 2666 550 2713 urbe,
579 2669 623 2705 in
651 2682 773 2720 quam
795 2683 836 2707 se
862 2670 1093 2708 contulerat.-
1121 2683 1175 2709 sc.
1200 2684 1290 2708 cum
1307 2672 1350 2708 in
1370 2671 1514 2720 exigua
1535 2668 1632 2706 urbe
1654 2667 1744 2704 exi-
