1812 3016
300 81 399 128 368
838 83 1199 128 REITEMEIERI

297 191 406 231 idem
424 190 528 230 fudit
548 205 650 231 anno
668 192 891 247 insequenti
907 193 1062 242 Quados
1077 194 1275 234 Sarmatas
1292 199 1331 233 et
1346 193 1588 247 Limigantes
1616 194 1734 247 (Am-

296 251 419 287 mian.
450 251 499 289 17
530 248 617 301 12).
1647 284 1650 287 v

407 318 449 356 p.
478 303 557 346 124
585 319 623 343 v.
647 308 688 347 8.
747 320 799 344 ex
827 306 903 345 hoc
932 307 1018 344 loco
1042 307 1295 357 scriptorum,
1336 306 1406 359 qui
1430 306 1573 344 Iuliani
1597 303 1734 343 laudes

295 362 471 399 oratione
499 361 627 399 soluta
648 369 687 400 et
704 364 826 414 ligata
852 364 1066 401 celebratas
1087 363 1340 414 reliquerint,
1369 363 1568 414 aliquanto
1592 362 1734 399 laetio-

294 431 379 455 rem
411 423 536 454 aetate
566 418 635 455 illa
659 420 780 457 fuisse
806 427 1039 470 proventum
1068 417 1254 456 discimus
1280 431 1400 470 quam
1426 418 1545 468 vulgo
1569 423 1734 455 constat.

293 474 467 511 innotuit
485 474 591 510 enim
606 488 733 527 neque
747 483 974 527 poetarum,
1004 477 1038 512 si
1056 476 1261 512 Callistum
1276 473 1474 526 quendam
1491 486 1515 511 a
1531 473 1688 511 Socrate
1707 475 1734 514 3

292 531 346 570 21
380 530 588 580 aequalem
612 538 737 568 aetate
764 533 916 569 Iuliano
943 538 1102 582 poetam
1133 529 1454 582 laudatoremque
1479 530 1563 567 eius
1584 527 1734 566 dictum

294 586 472 636 excipias
485 614 495 632 ,
525 598 654 637 neque
685 587 960 625 historicorum
984 599 1006 623 a
1027 588 1185 624 Zosimo
1205 585 1271 623 hic
1289 592 1594 623 memoratorum
1612 586 1732 632 ullus,

295 643 363 692 qui
387 642 596 679 virtutibus
620 644 764 680 Iuliani
783 644 989 695 praeconio
1013 641 1248 679 exornandis
1269 654 1429 692 operam
1449 639 1613 678 dederit.

406 696 458 733 ib.
482 710 520 734 v.
541 697 608 738 15.
665 699 774 736 locus
792 701 860 751 qui
879 701 920 736 in
935 699 1116 735 manibus
1135 704 1207 745 est,
1240 703 1470 747 argumento
1488 710 1572 734 esse
1590 702 1731 748 potest,

295 753 395 790 sicut
423 753 500 789 alia
528 754 670 804 quibus
689 757 773 805 ipse
793 768 886 792 usus
907 761 965 792 est
985 755 1126 804 scripta
1149 754 1352 801 interiere,
1382 754 1438 790 sic
1454 765 1559 790 nunc
1578 758 1732 790 exstare

296 810 440 858 scripta
470 821 571 859 quae
598 810 646 846 ab
673 824 719 848 eo
747 812 924 860 ignorata
945 816 1056 857 sunt,
1085 810 1177 846 licet
1196 822 1332 846 eorum
1348 809 1530 847 notitiam
1547 807 1599 845 ad
1617 808 1732 845 Zosi-

293 877 407 901 mum
426 865 599 914 perferre
622 872 660 902 et
686 873 791 904 aetas
814 873 852 903 et
872 872 1147 916 argumentum
1166 866 1375 915 potuisset,
1403 865 1528 902 veluti
1548 862 1731 901 historias

293 921 496 956 Ammiani
515 922 756 970 Marcellini,
782 935 883 974 quae
910 923 943 959 si
970 923 1013 958 ei·
1030 928 1147 958 notae
1170 921 1359 968 fuissent,
1389 934 1470 958 non
1496 919 1664 957 dixisset
1687 932 1731 956 se

293 983 543 1013 narraturum
562 984 601 1014 et
622 979 734 1028 quasi
751 980 793 1014 in
813 979 1131 1029 supplementum
1148 975 1374 1014 additurum
1393 989 1477 1013 esse
1495 989 1542 1012 ea
1561 988 1661 1027 quae
1680 975 1728 1012 ab

294 1032 384 1068 aliis
413 1034 557 1070 omissa
582 1034 681 1081 sint,
711 1035 746 1071 si
772 1033 933 1085 quidem
952 1034 1184 1071 Ammianus
1204 1034 1337 1070 omnia
1355 1044 1379 1068 a
1397 1033 1555 1069 Zosimo
1575 1037 1731 1068 narrata

294 1101 376 1124 nou
396 1087 515 1125 modo
544 1090 698 1140 attingit
721 1089 791 1127 sed
817 1092 936 1127 etiam
954 1090 1071 1139 longe
1095 1090 1288 1139 copiosius
1309 1089 1485 1138 exponit.
1543 1088 1731 1139 quoniam

291 1145 474 1180 Zosimus
504 1146 778 1183 exactissimus
803 1153 862 1184 est
886 1147 929 1182 in
955 1143 1192 1196 exponenda
1210 1143 1460 1195 expeditione
1477 1144 1659 1191 Persica,
1685 1143 1731 1179 in

290 1201 341 1236 iis
370 1212 470 1250 quae
501 1201 549 1237 ab
579 1201 666 1238 aliis
693 1203 838 1239 omissa
864 1215 949 1239 esse
975 1202 1128 1252 putavit
1152 1201 1301 1238 censeri
1331 1200 1378 1236 ab
1405 1213 1452 1237 eo
1470 1197 1625 1236 videtur
1642 1199 1731 1236 bel-

290 1256 377 1291 lum
406 1257 627 1306 Persicum,
657 1259 715 1294 uti
737 1264 776 1295 et
792 1270 854 1296 res
875 1259 917 1294 in
938 1258 1067 1294 Gallia
1091 1262 1223 1307 gestae
1246 1263 1285 1293 et
1301 1268 1403 1308 quae
1424 1256 1538 1306 cpoli
1553 1255 1731 1292 instituta

290 1311 464 1348 fuerunt.

401 1380 441 1417 p.
466 1368 543 1410 125
560 1381 598 1405 v.
615 1365 656 1407 4.
713 1367 822 1406 idem
837 1368 1012 1405 Iulianus
1029 1366 1148 1405 habet
1166 1381 1229 1418 ep.
1251 1366 1303 1404 ad
1319 1364 1464 1405 Athen.
1483 1364 1731 1419 τριακοσίους

290 1418 484 1473 ἑξήκοντά
513 1438 580 1474 μοι
604 1420 701 1470 δούς
727 1421 963 1475 στρατιώτας
990 1423 1046 1471 εἰς
1072 1421 1115 1463 τὸ
1143 1426 1225 1462 τοῖν
1254 1424 1413 1462 Κελτῶν
1441 1421 1561 1468 ἔθνος
1587 1417 1730 1462 civate-

287 1476 512 1530 τραμμένον
539 1478 693 1518 ἔστειλε.
748 1480 936 1517 Libanius
966 1480 1098 1516 minus
1125 1485 1263 1515 exacte
1289 1480 1332 1515 in
1356 1490 1412 1515 or.
1439 1475 1491 1514 ad
1505 1477 1717 1514 Iulianum:

288 1531 365 1572 miv
382 1531 556 1580 ὁπλίταις
574 1531 774 1575 ἐλάττοσιν
790 1532 819 1586 ἢ
834 1535 1083 1586 τριακοσίοις.
1119 1536 1161 1571 in
1181 1535 1355 1571 oratione
1370 1533 1730 1570 funebri-trecenws

287 1595 444 1625 tantum
458 1591 618 1639 milites,
638 1604 782 1643 eosque
800 1592 948 1628 nullius
965 1592 1094 1642 pretii,
1111 1591 1303 1627 nominat.
1339 1590 1573 1626 Ammianus
1594 1588 1644 1629 15
1673 1591 1729 1629 22

285 1647 504 1695 generatim
534 1647 722 1684 comitatu
747 1661 877 1698 parvo
915 1653 1090 1698 suscepto
1121 1647 1164 1683 in
1190 1646 1362 1683 Galliam
1388 1658 1480 1682 eum
1507 1645 1728 1696 profectum

287 1702 437 1739 scribit.
1342 1733 1349 1740 .

399 1755 453 1794 ib.
474 1769 513 1794 v.
536 1759 599 1798 13.
655 1759 863 1809 sexaginta
879 1758 993 1795 milia
1011 1758 1244 1805 occisorum,
1271 1756 1350 1795 nisi
1367 1756 1509 1794 vitiosa
1525 1755 1640 1793 lectio
1662 1755 1726 1804 sit,

287 1825 447 1850 omnem
478 1820 664 1863 superant
700 1814 839 1862 fidem,
882 1827 1012 1866 neque
1045 1815 1250 1864 scriptores
1280 1825 1457 1850 summae
1487 1812 1725 1849 auctoritatis

286 1869 376 1917 plus
396 1881 514 1919 quam
531 1882 603 1906 sex
620 1871 731 1907 milia
747 1883 951 1908 caesorum
966 1875 1187 1907 numerant.
1242 1870 1475 1906 Ammianus
1493 1869 1545 1908 16
1574 1865 1650 1908 34:
1680 1879 1727 1904 ex

286 1923 529 1960 Alemannis
559 1938 632 1961 sex
661 1927 773 1963 milia
806 1940 1010 1976 corporum
1037 1931 1245 1962 numerata
1268 1931 1361 1960 sunt
1387 1925 1430 1960 in
1458 1936 1597 1973 campo
1630 1936 1727 1960 con-

286 1986 430 2023 strata,
459 1986 498 2016 et
514 1980 702 2018 Libanius
719 1983 899 2032 proxime
919 1981 971 2019 ad
987 1981 1157 2019 eundem
1179 1979 1367 2017 accedens
1382 1991 1590 2016 numerum
1601 2006 1612 2026 ,
1641 1977 1726 2019 ἔνε-

285 2031 501 2074 καλύπτετο
526 2033 597 2084 μὲν
617 2034 661 2076 τό
683 2038 823 2076 πεδίον
848 2033 1005 2085 ὀκτάκις
1032 2038 1170 2088 χιλίοις
1198 2039 1366 2087 νεκροῖς.
1421 2036 1451 2071 ii
1479 2035 1548 2086 qui
1574 2035 1724 2071 Zosimi

286 2092 445 2127 omnino
483 2089 603 2127 fidem
634 2098 672 2128 et
708 2094 979 2129 auctoritatem
1008 2094 1238 2139 sollicitant,
1277 2093 1319 2128 iu
1348 2089 1488 2127 fraude
1512 2091 1724 2127 manifesta

284 2159 377 2183 eum
403 2145 468 2182 hic
494 2145 782 2196 deprehensum
811 2155 970 2198 putant,
1008 2156 1047 2185 et
1085 2144 1289 2200 μυριάδων
1322 2147 1467 2183 mutari
1499 2144 1723 2196 prohibent,

283 2203 472 2253 quoniam
508 2204 690 2241 Zosimus
727 2204 951 2241 levissimae
984 2205 1223 2241 auctoritatis
1258 2202 1421 2253 scriptor
1448 2209 1535 2238 tum
1561 2214 1723 2252 compa-

282 2257 405 2295 rando
434 2257 577 2295 Iuliani
603 2264 642 2294 et
668 2259 888 2296 Alexandri
921 2261 1148 2307 victoriam,
1186 2266 1272 2296 tum
1314 2255 1534 2295 adiiciendo
1562 2258 1722 2295 voculas

282 2310 449 2363 ἄπειρον
482 2316 642 2364 πλῆθος
650 2345 663 2362 ,
701 2316 794 2351 satis
830 2317 952 2352 animi
977 2316 1184 2353 consilium
1205 2313 1431 2361 nudaverit,
1470 2320 1510 2350 et
1536 2312 1721 2350 laudibus

281 2367 427 2406 ethnici
454 2369 700 2419 imperatoris
730 2383 847 2420 supra
873 2384 1031 2408 omnem
1057 2369 1220 2408 modum
1242 2367 1484 2406 celebrandis
1502 2381 1588 2406 sese
1603 2367 1721 2406 addi-

278 2427 398 2462 xerit.
455 2423 597 2461 horum
619 2432 938 2474 argumentorum
959 2428 1041 2463 vim
1061 2439 1204 2464 vanam
1221 2438 1305 2463 esse
1326 2424 1570 2472 videbimus,
1600 2423 1720 2461 dum-

279 2479 398 2517 modo
428 2479 708 2517 adverterimus
725 2494 806 2518 nou
822 2483 864 2517 in
886 2495 1050 2519 numero
1071 2494 1273 2519 caesorum
1291 2479 1363 2519 sed
1383 2483 1427 2518 in
1447 2493 1494 2517 eo
1513 2492 1719 2530 compara-

279 2537 399 2573 tionis
422 2538 520 2573 verti
539 2535 759 2584 cardinem,
787 2536 895 2587 quod
913 2539 1013 2574 sicut
1030 2536 1277 2584 Alexander,
1305 2538 1359 2573 ita
1378 2536 1567 2584 Iulianus,
1595 2548 1717 2586 parvo

281 2592 458 2628 exercitu
479 2593 681 2642 ingentem
704 2591 877 2630 hostium
896 2592 1191 2630 multitudinem
1208 2594 1358 2630 vIcerit.
1415 2591 1618 2628 subiunxit
1637 2593 1717 2628 Zo-

280 2648 403 2684 simus
423 2648 516 2698 fuga
541 2655 579 2685 et
597 2648 757 2685 flumine
777 2649 935 2685 totidem
956 2661 1075 2700 quam
1095 2649 1243 2700 proelio
1262 2649 1448 2699 periisse;
1479 2646 1577 2685 adeo
1595 2653 1639 2684 ut
1654 2647 1717 2684 bis

279 2704 484 2754 sexaginta
505 2704 617 2742 milia
637 2704 684 2742 ab
702 2717 748 2743 eo
767 2702 945 2743 dicantur
956 2705 1176 2744 interfecta.
1233 2716 1334 2757 quae
1361 2704 1518 2742 Zosimo
1542 2703 1718 2741 tribuere
