<?xml version="1.0" encoding="UTF-8"?>
<!DOCTYPE html PUBLIC "-//W3C//DTD XHTML 1.0 Transitional//EN"
    "http://www.w3.org/TR/xhtml1/DTD/xhtml1-transitional.dtd">
<html xmlns="http://www.w3.org/1999/xhtml" xml:lang="en" lang="en">
 <head>
  <title>
</title>
<meta http-equiv="Content-Type" content="text/html;charset=utf-8" />
  <meta name='ocr-system' content='tesseract 3.04.00' />
  <meta name='ocr-capabilities' content='ocr_page ocr_carea ocr_par ocr_line ocrx_word'/>
</head>
<body>
  <div class='ocr_page' id='page_1' title='image "./corpusscriptorum50niebuoft_0040.png"; bbox 0 0 1774 3002; ppageno 0'>
   <div class='ocr_carea' id='block_1_1' title="bbox 33 198 228 282">
    <p class='ocr_par' dir='ltr' id='par_1_1' title="bbox 33 198 228 282">
     <span class='ocr_line' id='line_1_1' title="bbox 33 198 228 255; baseline 0 -21"><span class='ocrx_word' id='word_1_1' title='bbox 33 199 132 255; x_wconf 70' lang='lat' dir='ltr'><strong>Fides</strong></span> <span class='ocrx_word' id='word_1_2' title='bbox 148 198 228 255; x_wconf 41' lang='lat' dir='ltr'><strong>‘Zo-</strong></span> 
     </span>
     <span class='ocr_line' id='line_1_2' title="bbox 88 258 171 282; baseline 0.012 -2"><span class='ocrx_word' id='word_1_3' title='bbox 88 258 171 282; x_wconf 73' lang='lat' dir='ltr'><strong>simi.</strong></span> 
     </span>
    </p>
   </div>
   <div class='ocr_carea' id='block_1_2' title="bbox 100 2089 252 2127">
    <p class='ocr_par' dir='ltr' id='par_1_2' title="bbox 100 2089 252 2127">
     <span class='ocr_line' id='line_1_3' title="bbox 100 2089 252 2127; baseline -0.026 -12"><span class='ocrx_word' id='word_1_4' title='bbox 100 2093 136 2127; x_wconf 76' lang='lat' dir='ltr'><strong>p.</strong></span> <span class='ocrx_word' id='word_1_5' title='bbox 161 2089 252 2115; x_wconf 77' lang='lat' dir='ltr'>XXIX</span> 
     </span>
    </p>
   </div>
   <div class='ocr_carea' id='block_1_3' title="bbox 245 62 1153 112">
    <p class='ocr_par' dir='ltr' id='par_1_3' title="bbox 245 62 1153 112">
     <span class='ocr_line' id='line_1_4' title="bbox 245 62 1153 112; baseline -0.001 -1"><span class='ocrx_word' id='word_1_6' title='bbox 245 79 385 112; x_wconf 77' lang='lat' dir='ltr'><strong>xxxiv·</strong></span> <span class='ocrx_word' id='word_1_7' title='bbox 791 62 1153 111; x_wconf 83' lang='lat' dir='ltr'>REITEMEIERI</span> 
     </span>
    </p>
   </div>
   <div class='ocr_carea' id='block_1_4' title="bbox 250 183 1738 2737">
    <p class='ocr_par' dir='ltr' id='par_1_4' title="bbox 250 183 1738 1926">
     <span class='ocr_line' id='line_1_5' title="bbox 364 183 1694 242; baseline -0.004 -14"><span class='ocrx_word' id='word_1_8' title='bbox 364 192 410 228; x_wconf 91' lang='lat' dir='ltr'><strong>In</strong></span> <span class='ocrx_word' id='word_1_9' title='bbox 435 188 745 241; x_wconf 82' lang='lat' dir='ltr'><strong>pervestigandis</strong></span> <span class='ocrx_word' id='word_1_10' title='bbox 769 195 807 227; x_wconf 88' lang='lat' dir='ltr'><strong>et</strong></span> <span class='ocrx_word' id='word_1_11' title='bbox 830 187 1077 242; x_wconf 84' lang='lat' dir='ltr'><strong>explicandis</strong></span> <span class='ocrx_word' id='word_1_12' title='bbox 1101 188 1522 226; x_wconf 85' lang='lat' dir='ltr'><strong>rerum&#39;Romanarum</strong></span> <span class='ocrx_word' id='word_1_13' title='bbox 1541 183 1594 224; x_wconf 87' lang='lat' dir='ltr'><strong>ad</strong></span> <span class='ocrx_word' id='word_1_14' title='bbox 1612 185 1694 224; x_wconf 84' lang='lat' dir='ltr'><strong>rui-</strong></span> 
     </span>
     <span class='ocr_line' id='line_1_6' title="bbox 251 254 1696 310; baseline -0.003 -15"><span class='ocrx_word' id='word_1_15' title='bbox 251 270 345 296; x_wconf 88' lang='lat' dir='ltr'><strong>nam</strong></span> <span class='ocrx_word' id='word_1_16' title='bbox 364 258 612 308; x_wconf 76' lang='lat' dir='ltr'>vergentium</span> <span class='ocrx_word' id='word_1_17' title='bbox 636 259 762 295; x_wconf 88' lang='lat' dir='ltr'><strong>causis</strong></span> <span class='ocrx_word' id='word_1_18' title='bbox 780 264 926 310; x_wconf 82' lang='lat' dir='ltr'><strong>quanta</strong></span> <span class='ocrx_word' id='word_1_19' title='bbox 946 257 1065 294; x_wconf 84' lang='lat' dir='ltr'><strong>fuerit</strong></span> <span class='ocrx_word' id='word_1_20' title='bbox 1081 256 1231 294; x_wconf 79' lang='lat' dir='ltr'>Zosimi</span> <span class='ocrx_word' id='word_1_21' title='bbox 1248 255 1461 306; x_wconf 73' lang='lat' dir='ltr'><strong>sagacitas,</strong></span> <span class='ocrx_word' id='word_1_22' title='bbox 1491 266 1582 292; x_wconf 88' lang='lat' dir='ltr'><strong>cum</strong></span> <span class='ocrx_word' id='word_1_23' title='bbox 1600 254 1696 291; x_wconf 84' lang='lat' dir='ltr'><strong>satis</strong></span> 
     </span>
     <span class='ocr_line' id='line_1_7' title="bbox 250 318 1697 376; baseline -0.003 -13"><span class='ocrx_word' id='word_1_24' title='bbox 250 339 303 363; x_wconf 83' lang='lat' dir='ltr'><strong>ex</strong></span> <span class='ocrx_word' id='word_1_25' title='bbox 331 324 396 364; x_wconf 88' lang='lat' dir='ltr'><strong>his</strong></span> <span class='ocrx_word' id='word_1_26' title='bbox 422 325 679 363; x_wconf 80' lang='lat' dir='ltr'><strong>manifestum</strong></span> <span class='ocrx_word' id='word_1_27' title='bbox 700 326 772 375; x_wconf 87' lang='lat' dir='ltr'><strong>sit,</strong></span> <span class='ocrx_word' id='word_1_28' title='bbox 802 327 883 363; x_wconf 88' lang='lat' dir='ltr'><strong>iam</strong></span> <span class='ocrx_word' id='word_1_29' title='bbox 900 325 985 362; x_wconf 83' lang='lat' dir='ltr'><strong>fore</strong></span> <span class='ocrx_word' id='word_1_30' title='bbox 1003 336 1207 376; x_wconf 86' lang='lat' dir='ltr'><strong>speramus</strong></span> <span class='ocrx_word' id='word_1_31' title='bbox 1224 327 1269 360; x_wconf 90' lang='lat' dir='ltr'><strong>ut</strong></span> <span class='ocrx_word' id='word_1_32' title='bbox 1291 318 1344 359; x_wconf 81' lang='lat' dir='ltr'><strong>ad</strong></span> <span class='ocrx_word' id='word_1_33' title='bbox 1363 322 1697 360; x_wconf 62' lang='lat' dir='ltr'><strong>existimationem</strong></span> 
     </span>
     <span class='ocr_line' id='line_1_8' title="bbox 252 387 1698 446; baseline -0.004 -15"><span class='ocrx_word' id='word_1_34' title='bbox 252 407 365 432; x_wconf 86' lang='lat' dir='ltr'><strong>suam</strong></span> <span class='ocrx_word' id='word_1_35' title='bbox 386 395 591 446; x_wconf 83' lang='lat' dir='ltr'><strong>aequiores</strong></span> <span class='ocrx_word' id='word_1_36' title='bbox 612 394 860 431; x_wconf 83' lang='lat' dir='ltr'><strong>nanciscatur</strong></span> <span class='ocrx_word' id='word_1_37' title='bbox 880 387 1072 430; x_wconf 69' lang='lat' dir='ltr'><strong>arbitros.&#39;</strong></span> <span class='ocrx_word' id='word_1_38' title='bbox 1115 389 1190 429; x_wconf 87' lang='lat' dir='ltr'><strong>hos</strong></span> <span class='ocrx_word' id='word_1_39' title='bbox 1211 402 1288 443; x_wconf 90' lang='lat' dir='ltr'><strong>quo</strong></span> <span class='ocrx_word' id='word_1_40' title='bbox 1306 389 1440 428; x_wconf 82' lang='lat' dir='ltr'><strong>minus</strong></span> <span class='ocrx_word' id='word_1_41' title='bbox 1457 390 1560 427; x_wconf 79' lang='lat' dir='ltr'><strong>inter</strong></span> <span class='ocrx_word' id='word_1_42' title='bbox 1577 399 1698 440; x_wconf 84' lang='lat' dir='ltr'><strong>supe-</strong></span> 
     </span>
     <span class='ocr_line' id='line_1_9' title="bbox 252 451 1699 512; baseline -0.004 -13"><span class='ocrx_word' id='word_1_43' title='bbox 252 462 400 499; x_wconf 86' lang='lat' dir='ltr'><strong>riorum</strong></span> <span class='ocrx_word' id='word_1_44' title='bbox 424 467 647 512; x_wconf 89' lang='lat' dir='ltr'><strong>temporum</strong></span> <span class='ocrx_word' id='word_1_45' title='bbox 670 460 851 499; x_wconf 89' lang='lat' dir='ltr'><strong>homines</strong></span> <span class='ocrx_word' id='word_1_46' title='bbox 879 458 1082 507; x_wconf 89' lang='lat' dir='ltr'><strong>habuerit,</strong></span> <span class='ocrx_word' id='word_1_47' title='bbox 1109 459 1255 510; x_wconf 88' lang='lat' dir='ltr'><strong>partim</strong></span> <span class='ocrx_word' id='word_1_48' title='bbox 1283 453 1382 495; x_wconf 86' lang='lat' dir='ltr'><strong>fides</strong></span> <span class='ocrx_word' id='word_1_49' title='bbox 1408 458 1493 495; x_wconf 88' lang='lat' dir='ltr'><strong>eius</strong></span> <span class='ocrx_word' id='word_1_50' title='bbox 1519 451 1699 507; x_wconf 76' lang='lat' dir='ltr'><strong>suspecta</strong></span> 
     </span>
     <span class='ocr_line' id='line_1_10' title="bbox 253 524 1738 580; baseline -0.003 -14"><span class='ocrx_word' id='word_1_51' title='bbox 253 529 400 580; x_wconf 88' lang='lat' dir='ltr'><strong>partim</strong></span> <span class='ocrx_word' id='word_1_52' title='bbox 418 529 619 579; x_wconf 84' lang='lat' dir='ltr'><strong>religionis</strong></span> <span class='ocrx_word' id='word_1_53' title='bbox 643 531 741 567; x_wconf 87' lang='lat' dir='ltr'><strong>ratio</strong></span> <span class='ocrx_word' id='word_1_54' title='bbox 760 530 801 566; x_wconf 86' lang='lat' dir='ltr'><strong>in</strong></span> <span class='ocrx_word' id='word_1_55' title='bbox 825 540 942 565; x_wconf 85' lang='lat' dir='ltr'><strong>causa</strong></span> <span class='ocrx_word' id='word_1_56' title='bbox 965 527 1062 575; x_wconf 88' lang='lat' dir='ltr'><strong>fuit3</strong></span> <span class='ocrx_word' id='word_1_57' title='bbox 1094 539 1173 579; x_wconf 93' lang='lat' dir='ltr'><strong>quo</strong></span> <span class='ocrx_word' id='word_1_58' title='bbox 1202 527 1353 564; x_wconf 80' lang='lat' dir='ltr'><strong>factum</strong></span> <span class='ocrx_word' id='word_1_59' title='bbox 1374 531 1433 563; x_wconf 88' lang='lat' dir='ltr'><strong>est</strong></span> <span class='ocrx_word' id='word_1_60' title='bbox 1450 530 1495 562; x_wconf 80' lang='lat' dir='ltr'><strong>&#39;ut</strong></span> <span class='ocrx_word' id='word_1_61' title='bbox 1513 524 1700 562; x_wconf 82' lang='lat' dir='ltr'><strong>crimina-</strong></span> <span class='ocrx_word' id='word_1_62' title='bbox 1735 531 1738 534; x_wconf 75' lang='grc'><strong><em>’</em></strong></span> 
     </span>
     <span class='ocr_line' id='line_1_11' title="bbox 253 589 1701 648; baseline -0.003 -15"><span class='ocrx_word' id='word_1_63' title='bbox 253 597 371 634; x_wconf 77' lang='lat' dir='ltr'><strong>tlonis</strong></span> <span class='ocrx_word' id='word_1_64' title='bbox 397 597 528 647; x_wconf 90' lang='lat' dir='ltr'><strong>potius</strong></span> <span class='ocrx_word' id='word_1_65' title='bbox 563 609 683 648; x_wconf 89' lang='lat' dir='ltr'><strong>quam</strong></span> <span class='ocrx_word' id='word_1_66' title='bbox 707 595 837 635; x_wconf 83' lang='lat' dir='ltr'><strong>laudis</strong></span> <span class='ocrx_word' id='word_1_67' title='bbox 865 596 972 633; x_wconf 85' lang='lat' dir='ltr'><strong>fama</strong></span> <span class='ocrx_word' id='word_1_68' title='bbox 997 595 1149 632; x_wconf 85' lang='lat' dir='ltr'><strong>celebre</strong></span> <span class='ocrx_word' id='word_1_69' title='bbox 1170 606 1316 632; x_wconf 88' lang='lat' dir='ltr'><strong>nomen</strong></span> <span class='ocrx_word' id='word_1_70' title='bbox 1336 594 1461 645; x_wconf 87' lang='lat' dir='ltr'><strong>ipsius</strong></span> <span class='ocrx_word' id='word_1_71' title='bbox 1479 593 1522 630; x_wconf 90' lang='lat' dir='ltr'><strong>in</strong></span> <span class='ocrx_word' id='word_1_72' title='bbox 1541 604 1606 630; x_wconf 84' lang='lat' dir='ltr'><strong>ore</strong></span> <span class='ocrx_word' id='word_1_73' title='bbox 1622 589 1701 629; x_wconf 65' lang='lat' dir='ltr'><strong>ho-</strong></span> 
     </span>
     <span class='ocr_line' id='line_1_12' title="bbox 253 657 1701 714; baseline -0.003 -14"><span class='ocrx_word' id='word_1_74' title='bbox 253 665 407 700; x_wconf 87' lang='lat' dir='ltr'><strong>minum</strong></span> <span class='ocrx_word' id='word_1_75' title='bbox 435 664 614 700; x_wconf 86' lang='lat' dir='ltr'><strong>ferretur.</strong></span> <span class='ocrx_word' id='word_1_76' title='bbox 673 662 724 701; x_wconf 89' lang='lat' dir='ltr'><strong>ad</strong></span> <span class='ocrx_word' id='word_1_77' title='bbox 744 663 866 701; x_wconf 85' lang='lat' dir='ltr'><strong>fidem</strong></span> <span class='ocrx_word' id='word_1_78' title='bbox 886 664 1007 714; x_wconf 86' lang='lat' dir='ltr'><strong>igitur</strong></span> <span class='ocrx_word' id='word_1_79' title='bbox 1029 662 1178 700; x_wconf 85' lang='lat' dir='ltr'><strong>Zosimi</strong></span> <span class='ocrx_word' id='word_1_80' title='bbox 1198 659 1485 712; x_wconf 82' lang='lat' dir='ltr'><strong>explorandam</strong></span> <span class='ocrx_word' id='word_1_81' title='bbox 1507 672 1597 697; x_wconf 90' lang='lat' dir='ltr'><strong>cum</strong></span> <span class='ocrx_word' id='word_1_82' title='bbox 1617 657 1701 696; x_wconf 77' lang='lat' dir='ltr'><strong>dis-</strong></span> 
     </span>
     <span class='ocr_line' id='line_1_13' title="bbox 255 726 1703 783; baseline -0.003 -15"><span class='ocrx_word' id='word_1_83' title='bbox 255 732 480 783; x_wconf 87' lang='lat' dir='ltr'><strong>quisitionis</strong></span> <span class='ocrx_word' id='word_1_84' title='bbox 509 737 666 769; x_wconf 88' lang='lat' dir='ltr'><strong>nostrae</strong></span> <span class='ocrx_word' id='word_1_85' title='bbox 697 744 832 769; x_wconf 87' lang='lat' dir='ltr'><strong>cursus</strong></span> <span class='ocrx_word' id='word_1_86' title='bbox 862 728 1070 782; x_wconf 87' lang='lat' dir='ltr'><strong>procedat,</strong></span> <span class='ocrx_word' id='word_1_87' title='bbox 1110 727 1328 767; x_wconf 80' lang='lat' dir='ltr'><strong>videndum</strong></span> <span class='ocrx_word' id='word_1_88' title='bbox 1354 734 1437 777; x_wconf 85' lang='lat' dir='ltr'><strong>est,</strong></span> <span class='ocrx_word' id='word_1_89' title='bbox 1471 728 1543 766; x_wconf 87' lang='lat' dir='ltr'><strong>illa</strong></span> <span class='ocrx_word' id='word_1_90' title='bbox 1567 726 1703 780; x_wconf 80' lang='lat' dir='ltr'><strong>qualia</strong></span> 
     </span>
     <span class='ocr_line' id='line_1_14' title="bbox 256 795 1704 850; baseline -0.003 -15"><span class='ocrx_word' id='word_1_91' title='bbox 256 799 357 847; x_wconf 88' lang='lat' dir='ltr'><strong>sint,</strong></span> <span class='ocrx_word' id='word_1_92' title='bbox 388 811 489 850; x_wconf 89' lang='lat' dir='ltr'><strong>quae</strong></span> <span class='ocrx_word' id='word_1_93' title='bbox 520 800 697 836; x_wconf 83' lang='lat' dir='ltr'><strong>animum</strong></span> <span class='ocrx_word' id='word_1_94' title='bbox 725 800 809 836; x_wconf 89' lang='lat' dir='ltr'><strong>eius</strong></span> <span class='ocrx_word' id='word_1_95' title='bbox 835 811 1041 836; x_wconf 85' lang='lat' dir='ltr'><strong>occaecare</strong></span> <span class='ocrx_word' id='word_1_96' title='bbox 1068 799 1123 835; x_wconf 80' lang='lat' dir='ltr'><strong>ita</strong></span> <span class='ocrx_word' id='word_1_97' title='bbox 1151 796 1350 848; x_wconf 83' lang='lat' dir='ltr'><strong>potuerint</strong></span> <span class='ocrx_word' id='word_1_98' title='bbox 1375 801 1419 835; x_wconf 89' lang='lat' dir='ltr'><strong>ut</strong></span> <span class='ocrx_word' id='word_1_99' title='bbox 1442 800 1504 833; x_wconf 88' lang='lat' dir='ltr'><strong>res</strong></span> <span class='ocrx_word' id='word_1_100' title='bbox 1524 795 1646 833; x_wconf 83' lang='lat' dir='ltr'><strong>falsas</strong></span> <span class='ocrx_word' id='word_1_101' title='bbox 1665 799 1704 831; x_wconf 87' lang='lat' dir='ltr'><strong>et</strong></span> 
     </span>
     <span class='ocr_line' id='line_1_15' title="bbox 256 859 1704 918; baseline -0.003 -15"><span class='ocrx_word' id='word_1_102' title='bbox 256 879 439 903; x_wconf 90' lang='lat' dir='ltr'><strong>erroneas</strong></span> <span class='ocrx_word' id='word_1_103' title='bbox 475 864 670 914; x_wconf 85' lang='lat' dir='ltr'><strong>traderet3</strong></span> <span class='ocrx_word' id='word_1_104' title='bbox 711 879 789 918; x_wconf 91' lang='lat' dir='ltr'><strong>qua</strong></span> <span class='ocrx_word' id='word_1_105' title='bbox 820 865 983 918; x_wconf 87' lang='lat' dir='ltr'><strong>quidem</strong></span> <span class='ocrx_word' id='word_1_106' title='bbox 1009 867 1074 903; x_wconf 79' lang='lat' dir='ltr'><strong>via</strong></span> <span class='ocrx_word' id='word_1_107' title='bbox 1101 865 1272 915; x_wconf 85' lang='lat' dir='ltr'><strong>intelligi</strong></span> <span class='ocrx_word' id='word_1_108' title='bbox 1301 863 1446 915; x_wconf 87' lang='lat' dir='ltr'><strong>poterit</strong></span> <span class='ocrx_word' id='word_1_109' title='bbox 1472 876 1553 900; x_wconf 88' lang='lat' dir='ltr'><strong>non</strong></span> <span class='ocrx_word' id='word_1_110' title='bbox 1583 859 1704 900; x_wconf 87' lang='lat' dir='ltr'><strong>modo</strong></span> 
     </span>
     <span class='ocr_line' id='line_1_16' title="bbox 256 929 1707 985; baseline -0.003 -15"><span class='ocrx_word' id='word_1_111' title='bbox 256 933 387 985; x_wconf 87' lang='lat' dir='ltr'><strong>qualis</strong></span> <span class='ocrx_word' id='word_1_112' title='bbox 404 933 447 969; x_wconf 90' lang='lat' dir='ltr'><strong>in</strong></span> <span class='ocrx_word' id='word_1_113' title='bbox 466 946 513 970; x_wconf 93' lang='lat' dir='ltr'><strong>eo</strong></span> <span class='ocrx_word' id='word_1_114' title='bbox 536 934 586 970; x_wconf 89' lang='lat' dir='ltr'><strong>sit</strong></span> <span class='ocrx_word' id='word_1_115' title='bbox 603 933 732 970; x_wconf 86' lang='lat' dir='ltr'><strong>malae</strong></span> <span class='ocrx_word' id='word_1_116' title='bbox 751 932 845 970; x_wconf 89' lang='lat' dir='ltr'><strong>fidei</strong></span> <span class='ocrx_word' id='word_1_117' title='bbox 863 933 994 981; x_wconf 88' lang='lat' dir='ltr'><strong>labes,</strong></span> <span class='ocrx_word' id='word_1_118' title='bbox 1026 930 1097 969; x_wconf 91' lang='lat' dir='ltr'><strong>sed</strong></span> <span class='ocrx_word' id='word_1_119' title='bbox 1115 933 1235 969; x_wconf 87' lang='lat' dir='ltr'><strong>etiam</strong></span> <span class='ocrx_word' id='word_1_120' title='bbox 1254 931 1396 983; x_wconf 87' lang='lat' dir='ltr'><strong>quibus</strong></span> <span class='ocrx_word' id='word_1_121' title='bbox 1415 932 1457 968; x_wconf 89' lang='lat' dir='ltr'><strong>in</strong></span> <span class='ocrx_word' id='word_1_122' title='bbox 1476 929 1594 967; x_wconf 88' lang='lat' dir='ltr'><strong>rebus</strong></span> <span class='ocrx_word' id='word_1_123' title='bbox 1613 929 1707 981; x_wconf 89' lang='lat' dir='ltr'><strong>qui-</strong></span> 
     </span>
     <span class='ocr_line' id='line_1_17' title="bbox 257 997 1707 1052; baseline -0.004 -14"><span class='ocrx_word' id='word_1_124' title='bbox 257 1001 381 1038; x_wconf 87' lang='lat' dir='ltr'><strong>busve</strong></span> <span class='ocrx_word' id='word_1_125' title='bbox 412 1000 508 1038; x_wconf 87' lang='lat' dir='ltr'><strong>locis</strong></span> <span class='ocrx_word' id='word_1_126' title='bbox 537 1001 788 1052; x_wconf 89' lang='lat' dir='ltr'><strong>potissimum</strong></span> <span class='ocrx_word' id='word_1_127' title='bbox 822 1001 924 1038; x_wconf 86' lang='lat' dir='ltr'><strong>falsa</strong></span> <span class='ocrx_word' id='word_1_128' title='bbox 960 998 1188 1047; x_wconf 76' lang='lat' dir='ltr'><strong>tradiderit3</strong></span> <span class='ocrx_word' id='word_1_129' title='bbox 1241 998 1436 1052; x_wconf 89' lang='lat' dir='ltr'><strong>denique,</strong></span> <span class='ocrx_word' id='word_1_130' title='bbox 1474 997 1707 1050; x_wconf 82' lang='lat' dir='ltr'><strong>probatione</strong></span> 
     </span>
     <span class='ocr_line' id='line_1_18' title="bbox 258 1064 1708 1120; baseline -0.003 -16"><span class='ocrx_word' id='word_1_131' title='bbox 258 1075 449 1120; x_wconf 85' lang='lat' dir='ltr'><strong>tanquam</strong></span> <span class='ocrx_word' id='word_1_132' title='bbox 478 1069 521 1104; x_wconf 88' lang='lat' dir='ltr'><strong>in</strong></span> <span class='ocrx_word' id='word_1_133' title='bbox 553 1068 700 1105; x_wconf 87' lang='lat' dir='ltr'><strong>trutina</strong></span> <span class='ocrx_word' id='word_1_134' title='bbox 726 1068 854 1116; x_wconf 87' lang='lat' dir='ltr'><strong>facta,</strong></span> <span class='ocrx_word' id='word_1_135' title='bbox 891 1069 1062 1119; x_wconf 85' lang='lat' dir='ltr'><strong>perspici</strong></span> <span class='ocrx_word' id='word_1_136' title='bbox 1089 1067 1232 1118; x_wconf 86' lang='lat' dir='ltr'><strong>poterit</strong></span> <span class='ocrx_word' id='word_1_137' title='bbox 1259 1079 1456 1119; x_wconf 81' lang='lat' dir='ltr'><strong>quaenam</strong></span> <span class='ocrx_word' id='word_1_138' title='bbox 1483 1066 1563 1103; x_wconf 85' lang='lat' dir='ltr'><strong>sint</strong></span> <span class='ocrx_word' id='word_1_139' title='bbox 1591 1076 1638 1101; x_wconf 83' lang='lat' dir='ltr'><strong>ea</strong></span> <span class='ocrx_word' id='word_1_140' title='bbox 1665 1064 1708 1100; x_wconf 87' lang='lat' dir='ltr'><strong>in</strong></span> 
     </span>
     <span class='ocr_line' id='line_1_19' title="bbox 258 1132 1709 1187; baseline -0.002 -16"><span class='ocrx_word' id='word_1_141' title='bbox 258 1135 403 1187; x_wconf 89' lang='lat' dir='ltr'><strong>quibus</strong></span> <span class='ocrx_word' id='word_1_142' title='bbox 431 1135 639 1172; x_wconf 84' lang='lat' dir='ltr'><strong>auctoritas</strong></span> <span class='ocrx_word' id='word_1_143' title='bbox 666 1136 749 1172; x_wconf 89' lang='lat' dir='ltr'><strong>eius</strong></span> <span class='ocrx_word' id='word_1_144' title='bbox 775 1142 814 1172; x_wconf 91' lang='lat' dir='ltr'><strong>et</strong></span> <span class='ocrx_word' id='word_1_145' title='bbox 834 1135 984 1173; x_wconf 90' lang='lat' dir='ltr'><strong>utilitas</strong></span> <span class='ocrx_word' id='word_1_146' title='bbox 1005 1137 1158 1186; x_wconf 86' lang='lat' dir='ltr'><strong>integra</strong></span> <span class='ocrx_word' id='word_1_147' title='bbox 1175 1140 1215 1172; x_wconf 85' lang='lat' dir='ltr'><strong>et</strong></span> <span class='ocrx_word' id='word_1_148' title='bbox 1228 1134 1331 1171; x_wconf 88' lang='lat' dir='ltr'><strong>nulli</strong></span> <span class='ocrx_word' id='word_1_149' title='bbox 1348 1133 1562 1184; x_wconf 88' lang='lat' dir='ltr'><strong>suspicioni</strong></span> <span class='ocrx_word' id='word_1_150' title='bbox 1583 1132 1709 1169; x_wconf 90' lang='lat' dir='ltr'><strong>obno-</strong></span> 
     </span>
     <span class='ocr_line' id='line_1_20' title="bbox 257 1196 1711 1253; baseline -0.003 -13"><span class='ocrx_word' id='word_1_151' title='bbox 257 1204 327 1240; x_wconf 85' lang='lat' dir='ltr'><strong>xia</strong></span> <span class='ocrx_word' id='word_1_152' title='bbox 345 1208 517 1239; x_wconf 87' lang='lat' dir='ltr'><strong>maneat.</strong></span> <span class='ocrx_word' id='word_1_153' title='bbox 575 1199 784 1239; x_wconf 81' lang='lat' dir='ltr'><strong>laudamus</strong></span> <span class='ocrx_word' id='word_1_154' title='bbox 804 1209 843 1239; x_wconf 92' lang='lat' dir='ltr'><strong>et</strong></span> <span class='ocrx_word' id='word_1_155' title='bbox 859 1203 1071 1253; x_wconf 87' lang='lat' dir='ltr'><strong>probamus</strong></span> <span class='ocrx_word' id='word_1_156' title='bbox 1090 1202 1332 1252; x_wconf 83' lang='lat' dir='ltr'><strong>scriptorem,</strong></span> <span class='ocrx_word' id='word_1_157' title='bbox 1361 1201 1433 1253; x_wconf 87' lang='lat' dir='ltr'><strong>qui</strong></span> <span class='ocrx_word' id='word_1_158' title='bbox 1452 1196 1611 1253; x_wconf 87' lang='lat' dir='ltr'><strong>quando</strong></span> <span class='ocrx_word' id='word_1_159' title='bbox 1628 1210 1711 1237; x_wconf 82' lang='lat' dir='ltr'><strong>nou</strong></span> 
     </span>
     <span class='ocr_line' id='line_1_21' title="bbox 260 1267 1712 1322; baseline -0.003 -15"><span class='ocrx_word' id='word_1_160' title='bbox 260 1283 354 1308; x_wconf 87' lang='lat' dir='ltr'><strong>suae</strong></span> <span class='ocrx_word' id='word_1_161' title='bbox 376 1267 447 1307; x_wconf 88' lang='lat' dir='ltr'><strong>sed</strong></span> <span class='ocrx_word' id='word_1_162' title='bbox 464 1270 676 1319; x_wconf 79' lang='lat' dir='ltr'><strong>superior1s</strong></span> <span class='ocrx_word' id='word_1_163' title='bbox 697 1270 834 1306; x_wconf 87' lang='lat' dir='ltr'><strong>aetatis</strong></span> <span class='ocrx_word' id='word_1_164' title='bbox 855 1267 1060 1306; x_wconf 79' lang='lat' dir='ltr'><strong>historiam</strong></span> <span class='ocrx_word' id='word_1_165' title='bbox 1080 1274 1329 1306; x_wconf 83' lang='lat' dir='ltr'><strong>enarraturus</strong></span> <span class='ocrx_word' id='word_1_166' title='bbox 1346 1274 1419 1317; x_wconf 84' lang='lat' dir='ltr'><strong>est,</strong></span> <span class='ocrx_word' id='word_1_167' title='bbox 1447 1273 1626 1305; x_wconf 83' lang='lat' dir='ltr'><strong>auctores</strong></span> <span class='ocrx_word' id='word_1_168' title='bbox 1638 1278 1712 1322; x_wconf 27' lang='lat' dir='ltr'><strong>‚se-</strong></span> 
     </span>
     <span class='ocr_line' id='line_1_22' title="bbox 262 1333 1712 1389; baseline -0.001 -16"><span class='ocrx_word' id='word_1_169' title='bbox 262 1338 396 1389; x_wconf 89' lang='lat' dir='ltr'><strong>quitur</strong></span> <span class='ocrx_word' id='word_1_170' title='bbox 422 1336 569 1384; x_wconf 88' lang='lat' dir='ltr'><strong>bonos,</strong></span> <span class='ocrx_word' id='word_1_171' title='bbox 600 1343 725 1373; x_wconf 84' lang='lat' dir='ltr'><strong>aetate</strong></span> <span class='ocrx_word' id='word_1_172' title='bbox 755 1337 959 1387; x_wconf 85' lang='lat' dir='ltr'><strong>proximos</strong></span> <span class='ocrx_word' id='word_1_173' title='bbox 987 1341 1055 1373; x_wconf 82' lang='lat' dir='ltr'><strong>aut</strong></span> <span class='ocrx_word' id='word_1_174' title='bbox 1084 1335 1292 1387; x_wconf 85' lang='lat' dir='ltr'><strong>aequales,</strong></span> <span class='ocrx_word' id='word_1_175' title='bbox 1322 1340 1361 1372; x_wconf 90' lang='lat' dir='ltr'><strong>et</strong></span> <span class='ocrx_word' id='word_1_176' title='bbox 1379 1336 1422 1372; x_wconf 89' lang='lat' dir='ltr'><strong>in</strong></span> <span class='ocrx_word' id='word_1_177' title='bbox 1442 1334 1559 1373; x_wconf 89' lang='lat' dir='ltr'><strong>rebus</strong></span> <span class='ocrx_word' id='word_1_178' title='bbox 1577 1333 1712 1386; x_wconf 83' lang='lat' dir='ltr'><strong>expli-</strong></span> 
     </span>
     <span class='ocr_line' id='line_1_23' title="bbox 262 1401 1712 1454; baseline -0.001 -14"><span class='ocrx_word' id='word_1_179' title='bbox 262 1403 399 1441; x_wconf 88' lang='lat' dir='ltr'><strong>candis</strong></span> <span class='ocrx_word' id='word_1_180' title='bbox 421 1405 577 1454; x_wconf 89' lang='lat' dir='ltr'><strong>copiose</strong></span> <span class='ocrx_word' id='word_1_181' title='bbox 597 1405 692 1441; x_wconf 86' lang='lat' dir='ltr'><strong>scite</strong></span> <span class='ocrx_word' id='word_1_182' title='bbox 712 1410 750 1440; x_wconf 87' lang='lat' dir='ltr'><strong>et</strong></span> <span class='ocrx_word' id='word_1_183' title='bbox 769 1417 859 1441; x_wconf 91' lang='lat' dir='ltr'><strong>cum</strong></span> <span class='ocrx_word' id='word_1_184' title='bbox 876 1401 953 1440; x_wconf 83' lang='lat' dir='ltr'><strong>fide</strong></span> <span class='ocrx_word' id='word_1_185' title='bbox 972 1409 1168 1451; x_wconf 83' lang='lat' dir='ltr'><strong>versatos,</strong></span> <span class='ocrx_word' id='word_1_186' title='bbox 1200 1403 1270 1454; x_wconf 91' lang='lat' dir='ltr'><strong>qui</strong></span> <span class='ocrx_word' id='word_1_187' title='bbox 1292 1415 1409 1454; x_wconf 90' lang='lat' dir='ltr'><strong>porro</strong></span> <span class='ocrx_word' id='word_1_188' title='bbox 1436 1414 1574 1441; x_wconf 86' lang='lat' dir='ltr'><strong>eorum</strong></span> <span class='ocrx_word' id='word_1_189' title='bbox 1589 1401 1712 1439; x_wconf 85' lang='lat' dir='ltr'><strong>talem</strong></span> 
     </span>
     <span class='ocr_line' id='line_1_24' title="bbox 262 1458 1713 1522; baseline -0.001 -14"><span class='ocrx_word' id='word_1_190' title='bbox 262 1484 379 1508; x_wconf 91' lang='lat' dir='ltr'><strong>usum</strong></span> <span class='ocrx_word' id='word_1_191' title='bbox 407 1471 501 1507; x_wconf 83' lang='lat' dir='ltr'><strong>facit</strong></span> <span class='ocrx_word' id='word_1_192' title='bbox 530 1477 574 1507; x_wconf 88' lang='lat' dir='ltr'><strong>ut</strong></span> <span class='ocrx_word' id='word_1_193' title='bbox 604 1483 666 1507; x_wconf 89' lang='lat' dir='ltr'><strong>res</strong></span> <span class='ocrx_word' id='word_1_194' title='bbox 695 1471 954 1522; x_wconf 87' lang='lat' dir='ltr'><strong>conquisitas,</strong></span> <span class='ocrx_word' id='word_1_195' title='bbox 984 1469 1132 1508; x_wconf 85' lang='lat' dir='ltr'><strong>iudicio</strong></span> <span class='ocrx_word' id='word_1_196' title='bbox 1160 1469 1357 1508; x_wconf 84' lang='lat' dir='ltr'><strong>subtiliter</strong></span> <span class='ocrx_word' id='word_1_197' title='bbox 1377 1458 1713 1520; x_wconf 22' lang='lat' dir='ltr'><strong>factm-accurate</strong></span> 
     </span>
     <span class='ocr_line' id='line_1_25' title="bbox 263 1536 1712 1588; baseline -0.001 -12"><span class='ocrx_word' id='word_1_198' title='bbox 263 1538 473 1576; x_wconf 84' lang='lat' dir='ltr'><strong>transferat</strong></span> <span class='ocrx_word' id='word_1_199' title='bbox 493 1544 531 1574; x_wconf 89' lang='lat' dir='ltr'><strong>et</strong></span> <span class='ocrx_word' id='word_1_200' title='bbox 548 1539 589 1574; x_wconf 80' lang='lat' dir='ltr'><strong>iu</strong></span> <span class='ocrx_word' id='word_1_201' title='bbox 610 1550 725 1574; x_wconf 86' lang='lat' dir='ltr'><strong>suum</strong></span> <span class='ocrx_word' id='word_1_202' title='bbox 742 1550 859 1574; x_wconf 90' lang='lat' dir='ltr'><strong>usum</strong></span> <span class='ocrx_word' id='word_1_203' title='bbox 876 1544 1014 1585; x_wconf 83' lang='lat' dir='ltr'><strong>vertat,</strong></span> <span class='ocrx_word' id='word_1_204' title='bbox 1037 1538 1092 1575; x_wconf 88' lang='lat' dir='ltr'><strong>ita</strong></span> <span class='ocrx_word' id='word_1_205' title='bbox 1111 1543 1155 1574; x_wconf 90' lang='lat' dir='ltr'><strong>ut</strong></span> <span class='ocrx_word' id='word_1_206' title='bbox 1174 1536 1416 1588; x_wconf 87' lang='lat' dir='ltr'><strong>praeiudicio</strong></span> <span class='ocrx_word' id='word_1_207' title='bbox 1427 1538 1573 1575; x_wconf 91' lang='lat' dir='ltr'><strong>mentis</strong></span> <span class='ocrx_word' id='word_1_208' title='bbox 1586 1537 1712 1585; x_wconf 88' lang='lat' dir='ltr'><strong>nullo,</strong></span> 
     </span>
     <span class='ocr_line' id='line_1_26' title="bbox 265 1601 1715 1658; baseline -0.002 -15"><span class='ocrx_word' id='word_1_209' title='bbox 265 1605 374 1658; x_wconf 87' lang='lat' dir='ltr'><strong>quod</strong></span> <span class='ocrx_word' id='word_1_210' title='bbox 397 1618 419 1642; x_wconf 88' lang='lat' dir='ltr'><strong>a</strong></span> <span class='ocrx_word' id='word_1_211' title='bbox 439 1606 522 1643; x_wconf 82' lang='lat' dir='ltr'><strong>veri</strong></span> <span class='ocrx_word' id='word_1_212' title='bbox 543 1617 661 1642; x_wconf 89' lang='lat' dir='ltr'><strong>sensu</strong></span> <span class='ocrx_word' id='word_1_213' title='bbox 684 1603 876 1641; x_wconf 88' lang='lat' dir='ltr'><strong>abducere</strong></span> <span class='ocrx_word' id='word_1_214' title='bbox 894 1606 1040 1655; x_wconf 88' lang='lat' dir='ltr'><strong>possit,</strong></span> <span class='ocrx_word' id='word_1_215' title='bbox 1075 1603 1128 1642; x_wconf 86' lang='lat' dir='ltr'><strong>ad</strong></span> <span class='ocrx_word' id='word_1_216' title='bbox 1154 1603 1362 1643; x_wconf 88' lang='lat' dir='ltr'><strong>historiam</strong></span> <span class='ocrx_word' id='word_1_217' title='bbox 1390 1601 1715 1643; x_wconf 83' lang='lat' dir='ltr'><strong>conscribendam</strong></span> 
     </span>
     <span class='ocr_line' id='line_1_27' title="bbox 266 1670 1714 1723; baseline -0.001 -13"><span class='ocrx_word' id='word_1_218' title='bbox 266 1671 444 1719; x_wconf 83' lang='lat' dir='ltr'><strong>accedat,</strong></span> <span class='ocrx_word' id='word_1_219' title='bbox 484 1673 552 1723; x_wconf 91' lang='lat' dir='ltr'><strong>qui</strong></span> <span class='ocrx_word' id='word_1_220' title='bbox 586 1670 748 1709; x_wconf 87' lang='lat' dir='ltr'><strong>tandem</strong></span> <span class='ocrx_word' id='word_1_221' title='bbox 778 1685 852 1710; x_wconf 89' lang='lat' dir='ltr'><strong>nec</strong></span> <span class='ocrx_word' id='word_1_222' title='bbox 880 1671 1010 1709; x_wconf 87' lang='lat' dir='ltr'><strong>studio</strong></span> <span class='ocrx_word' id='word_1_223' title='bbox 1035 1685 1109 1709; x_wconf 88' lang='lat' dir='ltr'><strong>nec</strong></span> <span class='ocrx_word' id='word_1_224' title='bbox 1137 1670 1228 1710; x_wconf 88' lang='lat' dir='ltr'><strong>odio</strong></span> <span class='ocrx_word' id='word_1_225' title='bbox 1262 1673 1455 1710; x_wconf 86' lang='lat' dir='ltr'><strong>alienatus</strong></span> <span class='ocrx_word' id='word_1_226' title='bbox 1485 1685 1508 1710; x_wconf 87' lang='lat' dir='ltr'><strong>a</strong></span> <span class='ocrx_word' id='word_1_227' title='bbox 1537 1673 1714 1710; x_wconf 81' lang='lat' dir='ltr'><strong>veritatis</strong></span> 
     </span>
     <span class='ocr_line' id='line_1_28' title="bbox 267 1732 1716 1791; baseline 0 -15"><span class='ocrx_word' id='word_1_228' title='bbox 267 1739 485 1791; x_wconf 85' lang='lat' dir='ltr'><strong>praeceptis</strong></span> <span class='ocrx_word' id='word_1_229' title='bbox 516 1737 687 1776; x_wconf 84' lang='lat' dir='ltr'><strong>recedat.</strong></span> <span class='ocrx_word' id='word_1_230' title='bbox 745 1746 937 1790; x_wconf 85' lang='lat' dir='ltr'><strong>quatenus</strong></span> <span class='ocrx_word' id='word_1_231' title='bbox 961 1740 1004 1776; x_wconf 89' lang='lat' dir='ltr'><strong>in</strong></span> <span class='ocrx_word' id='word_1_232' title='bbox 1025 1737 1132 1776; x_wconf 90' lang='lat' dir='ltr'><strong>hunc</strong></span> <span class='ocrx_word' id='word_1_233' title='bbox 1153 1753 1315 1778; x_wconf 89' lang='lat' dir='ltr'><strong>censum</strong></span> <span class='ocrx_word' id='word_1_234' title='bbox 1333 1732 1515 1778; x_wconf 79' lang='lat' dir='ltr'><strong>Zosimus</strong></span> <span class='ocrx_word' id='word_1_235' title='bbox 1537 1739 1716 1778; x_wconf 84' lang='lat' dir='ltr'><strong>referen-</strong></span> 
     </span>
     <span class='ocr_line' id='line_1_29' title="bbox 268 1806 1716 1861; baseline 0 -17"><span class='ocrx_word' id='word_1_236' title='bbox 268 1807 342 1844; x_wconf 90' lang='lat' dir='ltr'><strong>dus</strong></span> <span class='ocrx_word' id='word_1_237' title='bbox 368 1808 439 1854; x_wconf 89' lang='lat' dir='ltr'><strong>sit,</strong></span> <span class='ocrx_word' id='word_1_238' title='bbox 469 1807 511 1842; x_wconf 87' lang='lat' dir='ltr'><strong>in</strong></span> <span class='ocrx_word' id='word_1_239' title='bbox 541 1807 794 1858; x_wconf 89' lang='lat' dir='ltr'><strong>sequentibus</strong></span> <span class='ocrx_word' id='word_1_240' title='bbox 823 1806 1047 1857; x_wconf 84' lang='lat' dir='ltr'><strong>apparebit,</strong></span> <span class='ocrx_word' id='word_1_241' title='bbox 1075 1807 1145 1844; x_wconf 90' lang='lat' dir='ltr'><strong>ubi</strong></span> <span class='ocrx_word' id='word_1_242' title='bbox 1165 1820 1257 1845; x_wconf 90' lang='lat' dir='ltr'><strong>eum</strong></span> <span class='ocrx_word' id='word_1_243' title='bbox 1274 1806 1327 1846; x_wconf 85' lang='lat' dir='ltr'><strong>ad</strong></span> <span class='ocrx_word' id='word_1_244' title='bbox 1343 1808 1521 1861; x_wconf 79' lang='lat' dir='ltr'><strong>singulas</strong></span> <span class='ocrx_word' id='word_1_245' title='bbox 1537 1806 1716 1847; x_wconf 81' lang='lat' dir='ltr'><strong>historici</strong></span> 
     </span>
     <span class='ocr_line' id='line_1_30' title="bbox 270 1873 1228 1926; baseline 0.002 -14"><span class='ocrx_word' id='word_1_246' title='bbox 270 1874 470 1926; x_wconf 87' lang='lat' dir='ltr'><strong>diligentis</strong></span> <span class='ocrx_word' id='word_1_247' title='bbox 491 1887 536 1911; x_wconf 88' lang='lat' dir='ltr'><strong>ac</strong></span> <span class='ocrx_word' id='word_1_248' title='bbox 555 1873 631 1911; x_wconf 89' lang='lat' dir='ltr'><strong>fide</strong></span> <span class='ocrx_word' id='word_1_249' title='bbox 654 1873 764 1925; x_wconf 84' lang='lat' dir='ltr'><strong>digni</strong></span> <span class='ocrx_word' id='word_1_250' title='bbox 784 1875 944 1912; x_wconf 82' lang='lat' dir='ltr'><strong>virtutes</strong></span> <span class='ocrx_word' id='word_1_251' title='bbox 962 1876 1228 1926; x_wconf 81' lang='lat' dir='ltr'><strong>exegerimus.</strong></span> 
     </span>
    </p>

    <p class='ocr_par' dir='ltr' id='par_1_5' title="bbox 273 1941 1721 2737">
     <span class='ocr_line' id='line_1_31' title="bbox 382 1941 1717 1993; baseline 0.001 -13"><span class='ocrx_word' id='word_1_252' title='bbox 382 1944 561 1980; x_wconf 88' lang='lat' dir='ltr'><strong>Primum</strong></span> <span class='ocrx_word' id='word_1_253' title='bbox 580 1954 602 1978; x_wconf 87' lang='lat' dir='ltr'><strong>a</strong></span> <span class='ocrx_word' id='word_1_254' title='bbox 622 1943 876 1992; x_wconf 86' lang='lat' dir='ltr'><strong>scriptorum,</strong></span> <span class='ocrx_word' id='word_1_255' title='bbox 907 1952 1007 1993; x_wconf 84' lang='lat' dir='ltr'><strong>quos</strong></span> <span class='ocrx_word' id='word_1_256' title='bbox 1023 1949 1180 1980; x_wconf 77' lang='lat' dir='ltr'><strong>secutus</strong></span> <span class='ocrx_word' id='word_1_257' title='bbox 1197 1948 1276 1990; x_wconf 86' lang='lat' dir='ltr'><strong>est,</strong></span> <span class='ocrx_word' id='word_1_258' title='bbox 1305 1941 1536 1981; x_wconf 78' lang='lat' dir='ltr'><strong>auctoritate</strong></span> <span class='ocrx_word' id='word_1_259' title='bbox 1549 1941 1623 1981; x_wconf 64' lang='lat' dir='ltr'><strong>vix</strong></span> <span class='ocrx_word' id='word_1_260' title='bbox 1638 1942 1717 1981; x_wconf 79' lang='lat' dir='ltr'><strong>ali-</strong></span> 
     </span>
     <span class='ocr_line' id='line_1_32' title="bbox 273 2007 1720 2063; baseline 0.001 -16"><span class='ocrx_word' id='word_1_261' title='bbox 273 2023 351 2063; x_wconf 84' lang='lat' dir='ltr'><strong>qua</strong></span> <span class='ocrx_word' id='word_1_262' title='bbox 370 2007 557 2046; x_wconf 82' lang='lat' dir='ltr'><strong>adversus</strong></span> <span class='ocrx_word' id='word_1_263' title='bbox 576 2022 668 2045; x_wconf 89' lang='lat' dir='ltr'><strong>eum</strong></span> <span class='ocrx_word' id='word_1_264' title='bbox 688 2010 971 2046; x_wconf 86' lang='lat' dir='ltr'><strong>criminationis</strong></span> <span class='ocrx_word' id='word_1_265' title='bbox 990 2022 1107 2047; x_wconf 90' lang='lat' dir='ltr'><strong>causa</strong></span> <span class='ocrx_word' id='word_1_266' title='bbox 1126 2009 1269 2047; x_wconf 84' lang='lat' dir='ltr'><strong>arcessi</strong></span> <span class='ocrx_word' id='word_1_267' title='bbox 1284 2014 1435 2059; x_wconf 86' lang='lat' dir='ltr'><strong>potest,</strong></span> <span class='ocrx_word' id='word_1_268' title='bbox 1464 2007 1720 2063; x_wconf 86' lang='lat' dir='ltr'><strong>quandoqui-</strong></span> 
     </span>
     <span class='ocr_line' id='line_1_33' title="bbox 276 2074 1720 2129; baseline 0.001 -15"><span class='ocrx_word' id='word_1_269' title='bbox 276 2077 367 2115; x_wconf 89' lang='lat' dir='ltr'><strong>dem</strong></span> <span class='ocrx_word' id='word_1_270' title='bbox 386 2077 591 2126; x_wconf 84' lang='lat' dir='ltr'><strong>Dexippus</strong></span> <span class='ocrx_word' id='word_1_271' title='bbox 613 2077 814 2127; x_wconf 89' lang='lat' dir='ltr'><strong>Eunapius</strong></span> <span class='ocrx_word' id='word_1_272' title='bbox 835 2082 874 2113; x_wconf 94' lang='lat' dir='ltr'><strong>et</strong></span> <span class='ocrx_word' id='word_1_273' title='bbox 895 2074 1221 2128; x_wconf 80' lang='lat' dir='ltr'><strong>olympiodorus,</strong></span> <span class='ocrx_word' id='word_1_274' title='bbox 1250 2088 1420 2129; x_wconf 85' lang='lat' dir='ltr'><strong>quorum</strong></span> <span class='ocrx_word' id='word_1_275' title='bbox 1447 2078 1720 2116; x_wconf 84' lang='lat' dir='ltr'><strong>anctoritatem</strong></span> 
     </span>
     <span class='ocr_line' id='line_1_34' title="bbox 273 2141 1721 2198; baseline 0.003 -16"><span class='ocrx_word' id='word_1_276' title='bbox 273 2146 455 2185; x_wconf 88' lang='lat' dir='ltr'><strong>Zosimus</strong></span> <span class='ocrx_word' id='word_1_277' title='bbox 484 2149 641 2181; x_wconf 88' lang='lat' dir='ltr'><strong>secutus</strong></span> <span class='ocrx_word' id='word_1_278' title='bbox 667 2149 746 2191; x_wconf 88' lang='lat' dir='ltr'><strong>est,</strong></span> <span class='ocrx_word' id='word_1_279' title='bbox 773 2144 919 2194; x_wconf 89' lang='lat' dir='ltr'><strong>partim</strong></span> <span class='ocrx_word' id='word_1_280' title='bbox 948 2141 1138 2194; x_wconf 85' lang='lat' dir='ltr'><strong>dignitate</strong></span> <span class='ocrx_word' id='word_1_281' title='bbox 1156 2145 1302 2196; x_wconf 89' lang='lat' dir='ltr'><strong>partim</strong></span> <span class='ocrx_word' id='word_1_282' title='bbox 1324 2141 1500 2181; x_wconf 85' lang='lat' dir='ltr'><strong>doctrina</strong></span> <span class='ocrx_word' id='word_1_283' title='bbox 1518 2146 1721 2198; x_wconf 82' lang='lat' dir='ltr'><strong>conspicui</strong></span> 
     </span>
     <span class='ocr_line' id='line_1_35' title="bbox 275 2211 1720 2266; baseline 0.002 -17"><span class='ocrx_word' id='word_1_284' title='bbox 275 2221 314 2252; x_wconf 79' lang='lat' dir='ltr'><strong>et</strong></span> <span class='ocrx_word' id='word_1_285' title='bbox 345 2225 484 2265; x_wconf 82' lang='lat' dir='ltr'><strong>graves</strong></span> <span class='ocrx_word' id='word_1_286' title='bbox 512 2211 672 2248; x_wconf 88' lang='lat' dir='ltr'><strong>fuerunt</strong></span> <span class='ocrx_word' id='word_1_287' title='bbox 701 2211 920 2262; x_wconf 87' lang='lat' dir='ltr'><strong>scriptores.</strong></span> <span class='ocrx_word' id='word_1_288' title='bbox 991 2212 1230 2263; x_wconf 84' lang='lat' dir='ltr'><strong>scripserunt</strong></span> <span class='ocrx_word' id='word_1_289' title='bbox 1258 2224 1352 2250; x_wconf 84' lang='lat' dir='ltr'><strong>suae</strong></span> <span class='ocrx_word' id='word_1_290' title='bbox 1383 2213 1552 2266; x_wconf 86' lang='lat' dir='ltr'><strong>quisque</strong></span> <span class='ocrx_word' id='word_1_291' title='bbox 1579 2214 1720 2252; x_wconf 80' lang='lat' dir='ltr'><strong>aetatis</strong></span> 
     </span>
     <span class='ocr_line' id='line_1_36' title="bbox 276 2277 1720 2329; baseline 0.001 -11"><span class='ocrx_word' id='word_1_292' title='bbox 276 2279 482 2318; x_wconf 88' lang='lat' dir='ltr'><strong>historiam</strong></span> <span class='ocrx_word' id='word_1_293' title='bbox 493 2284 538 2314; x_wconf 88' lang='lat' dir='ltr'><strong>et</strong></span> <span class='ocrx_word' id='word_1_294' title='bbox 555 2290 617 2314; x_wconf 86' lang='lat' dir='ltr'><strong>res</strong></span> <span class='ocrx_word' id='word_1_295' title='bbox 635 2289 735 2329; x_wconf 90' lang='lat' dir='ltr'><strong>quae</strong></span> <span class='ocrx_word' id='word_1_296' title='bbox 756 2277 1045 2328; x_wconf 17' lang='lat' dir='ltr'><strong>ipsisvmaxime</strong></span> <span class='ocrx_word' id='word_1_297' title='bbox 1061 2285 1152 2316; x_wconf 88' lang='lat' dir='ltr'><strong>ante</strong></span> <span class='ocrx_word' id='word_1_298' title='bbox 1170 2279 1305 2318; x_wconf 83' lang='lat' dir='ltr'><strong>oculos</strong></span> <span class='ocrx_word' id='word_1_299' title='bbox 1322 2286 1456 2329; x_wconf 80' lang='lat' dir='ltr'><strong>erant3</strong></span> <span class='ocrx_word' id='word_1_300' title='bbox 1484 2281 1720 2320; x_wconf 76' lang='lat' dir='ltr'><strong>narrationis</strong></span> 
     </span>
     <span class='ocr_line' id='line_1_37' title="bbox 279 2342 1720 2399; baseline 0.003 -16"><span class='ocrx_word' id='word_1_301' title='bbox 279 2359 421 2398; x_wconf 84' lang='lat' dir='ltr'><strong>genere</strong></span> <span class='ocrx_word' id='word_1_302' title='bbox 442 2357 523 2382; x_wconf 90' lang='lat' dir='ltr'><strong>non</strong></span> <span class='ocrx_word' id='word_1_303' title='bbox 544 2342 834 2394; x_wconf 86' lang='lat' dir='ltr'><strong>compendiario</strong></span> <span class='ocrx_word' id='word_1_304' title='bbox 853 2351 892 2382; x_wconf 91' lang='lat' dir='ltr'><strong>et</strong></span> <span class='ocrx_word' id='word_1_305' title='bbox 912 2346 1234 2396; x_wconf 89' lang='lat' dir='ltr'><strong>epitomatoribus</strong></span> <span class='ocrx_word' id='word_1_306' title='bbox 1254 2348 1410 2385; x_wconf 88' lang='lat' dir='ltr'><strong>solenni</strong></span> <span class='ocrx_word' id='word_1_307' title='bbox 1427 2349 1491 2387; x_wconf 91' lang='lat' dir='ltr'><strong>usi</strong></span> <span class='ocrx_word' id='word_1_308' title='bbox 1507 2355 1617 2399; x_wconf 86' lang='lat' dir='ltr'><strong>sunt,</strong></span> <span class='ocrx_word' id='word_1_309' title='bbox 1646 2347 1720 2388; x_wconf 84' lang='lat' dir='ltr'><strong>sed</strong></span> 
     </span>
     <span class='ocr_line' id='line_1_38' title="bbox 279 2411 1720 2468; baseline 0.003 -17"><span class='ocrx_word' id='word_1_310' title='bbox 279 2427 340 2451; x_wconf 88' lang='lat' dir='ltr'><strong>res</strong></span> <span class='ocrx_word' id='word_1_311' title='bbox 371 2411 514 2450; x_wconf 89' lang='lat' dir='ltr'><strong>diserte</strong></span> <span class='ocrx_word' id='word_1_312' title='bbox 537 2417 575 2448; x_wconf 89' lang='lat' dir='ltr'><strong>et</strong></span> <span class='ocrx_word' id='word_1_313' title='bbox 599 2416 775 2447; x_wconf 80' lang='lat' dir='ltr'><strong>accurate</strong></span> <span class='ocrx_word' id='word_1_314' title='bbox 798 2419 1090 2463; x_wconf 79' lang='lat' dir='ltr'><strong>exposuerunt,</strong></span> <span class='ocrx_word' id='word_1_315' title='bbox 1120 2415 1300 2465; x_wconf 83' lang='lat' dir='ltr'><strong>quamvis</strong></span> <span class='ocrx_word' id='word_1_316' title='bbox 1321 2428 1344 2453; x_wconf 87' lang='lat' dir='ltr'><strong>a</strong></span> <span class='ocrx_word' id='word_1_317' title='bbox 1365 2416 1625 2454; x_wconf 78' lang='lat' dir='ltr'><strong>concinnitate</strong></span> <span class='ocrx_word' id='word_1_318' title='bbox 1642 2429 1720 2468; x_wconf 79' lang='lat' dir='ltr'><strong>pa-</strong></span> 
     </span>
     <span class='ocr_line' id='line_1_39' title="bbox 282 2477 1720 2534; baseline 0.003 -17"><span class='ocrx_word' id='word_1_319' title='bbox 282 2493 369 2517; x_wconf 87' lang='lat' dir='ltr'><strong>rum</strong></span> <span class='ocrx_word' id='word_1_320' title='bbox 397 2477 670 2517; x_wconf 86' lang='lat' dir='ltr'><strong>commendata</strong></span> <span class='ocrx_word' id='word_1_321' title='bbox 698 2486 801 2516; x_wconf 82' lang='lat' dir='ltr'><strong>esset</strong></span> <span class='ocrx_word' id='word_1_322' title='bbox 826 2480 963 2517; x_wconf 90' lang='lat' dir='ltr'><strong>oratio.</strong></span> <span class='ocrx_word' id='word_1_323' title='bbox 1020 2478 1158 2518; x_wconf 87' lang='lat' dir='ltr'><strong>laudes</strong></span> <span class='ocrx_word' id='word_1_324' title='bbox 1182 2481 1282 2518; x_wconf 88' lang='lat' dir='ltr'><strong>istae</strong></span> <span class='ocrx_word' id='word_1_325' title='bbox 1319 2483 1393 2520; x_wconf 89' lang='lat' dir='ltr'><strong>etsi</strong></span> <span class='ocrx_word' id='word_1_326' title='bbox 1427 2483 1638 2534; x_wconf 82' lang='lat' dir='ltr'><strong>praecipue</strong></span> <span class='ocrx_word' id='word_1_327' title='bbox 1666 2481 1720 2521; x_wconf 82' lang='lat' dir='ltr'><strong>ad</strong></span> 
     </span>
     <span class='ocr_line' id='line_1_40' title="bbox 279 2545 1719 2600; baseline 0.003 -16"><span class='ocrx_word' id='word_1_328' title='bbox 279 2549 509 2598; x_wconf 81' lang='lat' dir='ltr'><strong>Dexippum</strong></span> <span class='ocrx_word' id='word_1_329' title='bbox 534 2553 572 2584; x_wconf 89' lang='lat' dir='ltr'><strong>et</strong></span> <span class='ocrx_word' id='word_1_330' title='bbox 601 2545 925 2597; x_wconf 86' lang='lat' dir='ltr'><strong>Olympiodorum</strong></span> <span class='ocrx_word' id='word_1_331' title='bbox 953 2550 1169 2598; x_wconf 86' lang='lat' dir='ltr'><strong>pertinent,</strong></span> <span class='ocrx_word' id='word_1_332' title='bbox 1199 2561 1369 2600; x_wconf 92' lang='lat' dir='ltr'><strong>quorum</strong></span> <span class='ocrx_word' id='word_1_333' title='bbox 1387 2549 1486 2588; x_wconf 88' lang='lat' dir='ltr'><strong>fides</strong></span> <span class='ocrx_word' id='word_1_334' title='bbox 1504 2551 1638 2599; x_wconf 78' lang='lat' dir='ltr'><strong>nulla,</strong></span> <span class='ocrx_word' id='word_1_335' title='bbox 1667 2564 1719 2588; x_wconf 88' lang='lat' dir='ltr'><strong>ne</strong></span> 
     </span>
     <span class='ocr_line' id='line_1_41' title="bbox 281 2613 1719 2666; baseline 0.003 -15"><span class='ocrx_word' id='word_1_336' title='bbox 281 2613 330 2651; x_wconf 91' lang='lat' dir='ltr'><strong>ob</strong></span> <span class='ocrx_word' id='word_1_337' title='bbox 358 2615 590 2665; x_wconf 84' lang='lat' dir='ltr'><strong>religionem</strong></span> <span class='ocrx_word' id='word_1_338' title='bbox 613 2613 775 2666; x_wconf 89' lang='lat' dir='ltr'><strong>quidem</strong></span> <span class='ocrx_word' id='word_1_339' title='bbox 790 2627 1008 2665; x_wconf 85' lang='lat' dir='ltr'><strong>paganam,</strong></span> <span class='ocrx_word' id='word_1_340' title='bbox 1039 2616 1258 2666; x_wconf 90' lang='lat' dir='ltr'><strong>suspicione</strong></span> <span class='ocrx_word' id='word_1_341' title='bbox 1277 2616 1422 2653; x_wconf 85' lang='lat' dir='ltr'><strong>afflicta</strong></span> <span class='ocrx_word' id='word_1_342' title='bbox 1441 2616 1517 2654; x_wconf 87' lang='lat' dir='ltr'><strong>fuit</strong></span> <span class='ocrx_word' id='word_1_343' title='bbox 1530 2618 1634 2654; x_wconf 87' lang='lat' dir='ltr'><strong>inter</strong></span> <span class='ocrx_word' id='word_1_344' title='bbox 1646 2631 1719 2655; x_wconf 84' lang='lat' dir='ltr'><strong>ve-</strong></span> 
     </span>
     <span class='ocr_line' id='line_1_42' title="bbox 280 2681 1718 2737; baseline 0.005 -21"><span class='ocrx_word' id='word_1_345' title='bbox 280 2685 383 2717; x_wconf 89' lang='lat' dir='ltr'><strong>teres</strong></span> <span class='ocrx_word' id='word_1_346' title='bbox 397 2710 407 2730; x_wconf 93' lang='lat'><strong>,</strong></span> <span class='ocrx_word' id='word_1_347' title='bbox 437 2683 617 2733; x_wconf 86' lang='lat' dir='ltr'><strong>Eunapio</strong></span> <span class='ocrx_word' id='word_1_348' title='bbox 635 2688 790 2733; x_wconf 87' lang='lat' dir='ltr'><strong>tamen,</strong></span> <span class='ocrx_word' id='word_1_349' title='bbox 821 2682 891 2737; x_wconf 90' lang='lat' dir='ltr'><strong>qui</strong></span> <span class='ocrx_word' id='word_1_350' title='bbox 909 2681 1108 2722; x_wconf 70' lang='lat' dir='ltr'><strong>diversum</strong></span> <span class='ocrx_word' id='word_1_351' title='bbox 1129 2683 1176 2720; x_wconf 90' lang='lat' dir='ltr'><strong>ab</strong></span> <span class='ocrx_word' id='word_1_352' title='bbox 1198 2684 1278 2722; x_wconf 85' lang='lat' dir='ltr'><strong>iuis</strong></span> <span class='ocrx_word' id='word_1_353' title='bbox 1298 2684 1402 2721; x_wconf 82' lang='lat' dir='ltr'><strong>vitae</strong></span> <span class='ocrx_word' id='word_1_354' title='bbox 1419 2696 1544 2735; x_wconf 86' lang='lat' dir='ltr'><strong>genus</strong></span> <span class='ocrx_word' id='word_1_355' title='bbox 1561 2691 1718 2723; x_wconf 85' lang='lat' dir='ltr'><strong>secutus</strong></span> 
     </span>
    </p>
   </div>
  </div>
 </body>
</html>
