1812 3016
285 92 380 139 328
685 94 881 139 zosnm
914 94 1015 138 LIB.
1045 97 1070 137 6
1105 94 1215 138 CAP.
1251 97 1316 138 13.

282 209 342 262 τῷ
372 208 551 258 βασιλεῖ’,
587 206 656 248 τὸν
689 207 732 248 δὲ
756 207 964 250 ‘'Attalo'‘
994 214 1082 257 ταῖς
1102 205 1258 250 πάντων
1280 206 1421 261 ὄψεσιν
1442 206 1602 262 ἰδιώτην
1619 207 1716 250 ἀπέ-

285 274 383 322 dage
394 304 407 323 ,
442 274 651 327 κατασχών
671 275 772 330 παρ’
798 273 928 332 ἑαυτῷ
947 275 1048 329 μετὰ
1068 279 1140 318 τοῦ
1155 275 1298 325 παιδὸς
1314 275 1553 329 'Apustium
1580 275 1718 330 μέχρις

285 339 335 381 ἂν
366 340 466 396 πρὸς
489 339 679 398 εΟνώριον
708 341 863 398 εἰρήνης
890 344 1096 398 γενομένης
1122 341 1344 399 ἀσφάλειαν
1369 343 1504 394 αὐτοῖς
1531 347 1603 386 τοῦ
1623 345 1714 396 βίον

284 406 578 463 περιποιήσειεν.
645 409 767 463 ἔμεινε
799 411 841 452 δὲ
874 413 940 452 καὶ
971 409 996 465 ἦ
1030 415 1101 453 τοῦ
1120 412 1317 464 βασιλέως
1342 411 1492 468 ἀδελφὴ
1512 411 1717 452 mamma

283 475 384 530 παρ’
421 475 528 533 αὐτῷ
540 508 553 527 ,
589 473 742 533 ὁμήρου
773 479 845 531 μὲν
871 477 1020 534 τρόπον
1039 479 1126 520 τινὰ
1147 477 1256 529 τάξιν
1275 479 1491 532 ἐπέχουσα»,
1525 477 1655 533 πάσης
1674 478 1749 520 δὲὸ

285 541 544 586 ἀπολαύουσα
567 550 684 599 τιμῆς
707 547 772 587 καὶ
791 551 1000 601 βασιλικῆς
1016 548 1244 602 θεραπείας.

424 611 498 655 13.
565 613 649 654 Καὶ
676 613 725 654 τὰ
752 615 823 667 μὲν
850 614 952 655 κατὰ
985 614 1056 668 τὴν
1081 614 1251 656 Ἰταλίαν
1268 615 1309 655 ἓν
1326 611 1480 663 τούτοις
1501 607 1570 667 ἦν·
1597 613 1717 654 Kom-

285 684 487 728 σταντῖνος
521 679 564 721 δὲ
589 684 646 736 τῷ
669 682 780 722 παιδὶ
802 680 975 740 Κώνστα
995 682 1039 722 τὸ
1062 680 1239 736 διάδημα
1262 683 1440 738 περιθεὶς
1459 683 1525 722 καὶ
1543 681 1629 723 ἀντὶ
1646 683 1718 722 τοῦ

284 747 493 802 Καίσαρος
512 748 681 799 βασιλέα
699 747 943 802 πεποιηκώς,
974 748 1289 807 Ἀπολλινάριον
1304 747 1538 805 παραλύσας
1555 753 1624 802 τῆς
1643 748 1718 803 ἂρ·-

282 818 359 866 χῆς
381 813 511 868 ἕτερον
536 814 625 856 ἀντ’
649 815 774 870 αὐτοῦ
787 814 966 871 ὕπαρχον
985 815 1195 865 ἀπέδειξεν.
1255 816 1482 872 Ἀλαρίχου
1505 817 1548 858 δὲ
1566 818 1628 858 ἐπὶ
1646 815 1717 870 τὴν
1730 820 1774 855 10

279 878 491 932 Ῥάβενναν
510 879 740 937 ὡρμηκότος
757 881 810 932 ὥς
832 883 880 936 δὴ
898 885 1071 936 βεβαίως
1089 884 1198 941 αὐτῷ
1213 884 1313 939 πρὸς
1323 883 1514 940 Ὁνώριον
1531 884 1720 937 ἐσομένης

286 946 464 1003 εῗρήνης,
500 948 631 1005 ἕτερόν
651 967 688 992 τι
713 951 810 1006 παρ’
836 952 976 992 ἐλπίδα
1001 950 1189 1004 ἐμπόδιον
1214 946 1369 1006 εὗρενῆ
1395 950 1518 1005 τύχη,
1552 951 1652 1008 πρὸς
1667 949 1719 992 τὰ

284 1014 569 1069 στμβησόμενα
602 1023 684 1066 τοῖς
711 1021 781 1071 τῆς
802 1020 998 1068 πολιτείας
1014 1018 1240 1074 πράγμασιν
1260 1017 1342 1076 ὁδῷ
1360 1023 1568 1075 προϊοῦσα.
1634 1016 1719 1059 24⁴

285 1098 358 1138 ρου
379 1083 481 1135 μετὰ
496 1083 716 1141 βαρβάρων
737 1085 1017 1142 εὖαριθμήτων
1036 1088 1076 1128 ἓν
1094 1091 1151 1144 τῷ
1167 1085 1334 1143 Πικήνῳ
1360 1088 1632 1143 διατρίβοντος
1651 1086 1719 1127 καὶ

283 1149 382 1204 μήτε
399 1149 576 1208 Ὁνωρίῳ
597 1157 653 1208 τῷ
669 1157 831 1206 βασιλεῖ
843 1153 944 1208 μήτε
961 1154 1173 1212 Ἀλαρίχῳ
1194 1155 1490 1211 προσθεμένου,
1517 1156 1718 1207 δυσμενῶς
1730 1159 1773 1196 15

286 1217 387 1270 ἔχων
416 1219 515 1274 πρὸς
543 1220 662 1261 αὐτὸν
690 1219 954 1278 ’Λτάουλφος
972 1221 1014 1263 ἔκ
1034 1239 1139 1272 τινος
1159 1221 1440 1278 προλαβούσης
1461 1221 1719 1277 ἄλλοτριότη·

285 1301 353 1333 τος
371 1286 572 1342 ἐπέρχεται
593 1293 841 1346 πανστρατιᾷ
859 1296 941 1338 τοῖς
959 1288 1095 1339 τόποις
1114 1291 1154 1331 ἒν
1173 1288 1233 1340 οἷς
1254 1290 1322 1331 τὸν
1341 1289 1476 1346 Σάρον
1496 1290 1720 1342 συνέβαινεν

287 1350 398 1394 εἶναι.
464 1352 611 1407 ταύτης
643 1354 882 1408 αἰσθόμενος
908 1361 979 1411 τῆς
1003 1356 1150 1412 ἐφόδου
1160 1389 1175 1408 ,
1209 1357 1310 1413 πρὸς
1326 1356 1461 1411 μάχην
1481 1374 1521 1399 τε
1544 1352 1720 1413 ἀρκὲσειν

286 1420 359 1460 οὐκ
380 1422 531 1474 οῗηθεὶς
547 1420 680 1474 μόνων
700 1423 809 1480 αὐτῷ
826 1425 1060 1477 τριακοσίων
1080 1423 1276 1466 συνόντων
1296 1425 1473 1481 ἀνδρῶν,
1500 1423 1597 1479 Ξ-’γνω
1619 1426 1720 1480 δρα-

285 1494 372 1540 μεῖν
389 1488 490 1545 πρὸς
503 1487 693 1546 Ὁνώριον
711 1492 778 1532 καὶ
798 1496 1032 1546 κοινωνῆσαι
1050 1496 1122 1534 τοῦ
1141 1492 1241 1549 πρὸς
1254 1491 1479 1549 ’Λλάριχον
1499 1492 1686 1545 πολέμου.
1728 1496 1776 1532 20

377 1595 399 1629 8
435 1596 587 1630 Κωνστά·
602 1597 651 1639 Ρ,
674 1596 745 1630 sine
766 1597 835 1631 iota
857 1596 1063 1642 subscripto,
1087 1598 1208 1632 lineola
1231 1598 1516 1643 superimposita3'
1539 1609 1625 1643 quae
1646 1599 1719 1631 for-

376 1644 464 1673 tasse
488 1641 608 1685 partim
630 1642 756 1687 proprii
778 1642 897 1686 partim
927 1643 1114 1684 abbreviati
1138 1643 1275 1677 nominis
1298 1648 1349 1677 est
1371 1644 1480 1679 index.
1526 1655 1600 1677 cum
1634 1643 1720 1676 enim

377 1695 478 1731 supra
513 1687 583 1719 fere
613 1698 746 1731 semper
777 1687 852 1720 huic
885 1688 1006 1721 nomini
1038 1689 1326 1733 perittosyllabam
1357 1689 1531 1722 flexionem
1553 1689 1721 1730 tribuerit,

376 1731 528 1764 fortassis
551 1730 649 1765 etiam
672 1733 727 1766 hic
749 1732 963 1765 Κώνσταντι
985 1734 1127 1787 scripsit.
1175 1734 1295 1778 alioqui
1317 1734 1443 1768 Dorica
1463 1734 1517 1769 hic
1539 1739 1630 1768 esset
1656 1733 1721 1766 fle-

376 1775 433 1808 xio
461 1787 520 1820 pro
546 1777 717 1812 communi.
744 1778 782 1812 S.
828 1778 975 1812 fortasse
996 1779 1209 1814 Κωνσταντι
1231 1776 1405 1824 διάδημα.
1565 1780 1609 1816 13
1631 1788 1720 1823 συμ-

378 1819 578 1866 βαινόμενα
601 1823 710 1867 vulgo.
1439 1838 1442 1841 ’

289 1909 471 1944 Honorium
499 1912 679 1957 principem
704 1914 831 1960 missis,
868 1915 1014 1950 Attalum
1035 1915 1070 1950 in
1097 1914 1234 1950 omnium
1257 1915 1361 1950 oculis
1383 1914 1427 1949 ad
1447 1914 1613 1960 privatam
1627 1913 1720 1948 vitae

289 1955 515 1990 condicionem
531 1959 677 2002 redegit,
699 1961 788 2006 apud
802 1973 840 1994 se
854 1965 963 1996 tamen
979 1973 1051 1995 cum
1064 1961 1214 2006 Ampelio
1230 1961 1297 1994 filio
1311 1965 1492 2001 retentum,
1514 1960 1620 1993 donec
1635 1970 1721 2004 pace

291 2011 364 2033 cum
389 2001 540 2035 Honorio
563 2004 743 2039 constituta
761 2006 853 2040 vitae
870 2007 1126 2040 incolumitatem
1142 2007 1189 2040 eis
1202 2006 1421 2052 impetrasset.
1465 2005 1613 2039 Placidia
1636 2015 1719 2049 quo-

291 2056 376 2089 que,
397 2057 493 2079 soror
517 2047 746 2092 imperatoris,
771 2062 844 2085 cum
859 2052 1013 2085 Alaricho
1031 2057 1121 2095 erat,
1140 2052 1245 2085 vicem
1263 2051 1318 2084 illa
1340 2051 1469 2095 quidem
1482 2049 1607 2084 obsidis
1621 2049 1719 2084 modo

290 2090 434 2137 quodam
448 2091 585 2135 implens
596 2119 606 2135 ‚
629 2094 675 2127 ita
691 2100 800 2129 tamen
817 2101 854 2130 ut
869 2097 954 2130 omni
970 2098 1093 2131 honore
1108 2097 1263 2141 cultuque
1276 2096 1370 2139 regio
1385 2097 1565 2129 frueretur.

386 2137 437 2170 13.
484 2140 535 2170 Ac
562 2138 750 2173 Italicarum
774 2153 854 2175 sane
879 2154 987 2176 rerum
1013 2143 1096 2176 haec
1110 2142 1144 2175 id
1158 2141 1315 2187 temporis
1330 2146 1403 2176 erat
1424 2140 1582 2175 condicio.
1628 2140 1720 2174 Con-

292 2180 456 2215 stantinus
482 2187 590 2215 autem
618 2195 688 2217 cum
713 2186 897 2220 diademate
912 2188 1130 2221 Constantem
1143 2187 1246 2220 filium
1263 2186 1420 2219 cinxisset
1433 2197 1561 2231 proque
1575 2185 1721 2219 Caesare

294 2226 434 2260 dixisset
447 2227 650 2270 Augustum,
672 2231 853 2274 Apollinari
871 2234 1033 2276 abrogata
1049 2236 1215 2277 potestate
1227 2258 1237 2274 ‚
1259 2232 1398 2265 alterum
1414 2232 1483 2264 eius
1499 2231 1572 2264 loco
1586 2231 1721 2276 praefe-

296 2276 384 2304 ctum
403 2272 559 2316 praetorii
583 2273 778 2317 designavit.
823 2277 955 2311 interim
970 2278 1125 2311 Alaricho
1141 2289 1213 2311 cum
1230 2277 1333 2321 copiis
1347 2277 1541 2310 Ravennam
1556 2277 1722 2320 profecto,

294 2316 402 2350 veluti
417 2317 471 2361 qui
486 2317 614 2351 firmam
629 2325 816 2364 certamque
833 2333 903 2356 cum
922 2323 1070 2356 Honorio
1086 2333 1199 2368 pacem
1216 2322 1364 2355 facturus
1380 2327 1486 2364 esset,
1508 2320 1597 2366 aliud
1612 2320 1721 2365 quod-

294 2362 367 2395 dam
395 2363 530 2396 fortuna
554 2364 705 2408 repperit
728 2365 993 2408 impedimentum
1010 2368 1051 2401 ad
1067 2380 1108 2402 ea
1122 2379 1208 2412 quae
1221 2372 1328 2400 status
1354 2367 1475 2412 publici
1494 2367 1594 2400 rebus
1608 2367 1721 2399 essent

295 2410 473 2448 eventura,
496 2408 551 2441 via
576 2409 670 2453 quasi
695 2411 835 2453 quadam
854 2413 1080 2456 progrediens.
1127 2412 1251 2457 quippe
1266 2412 1341 2445 dum
1357 2413 1479 2453 Sarus,
1502 2422 1563 2444 nec
1576 2411 1720 2455 impera-

294 2452 379 2486 toris
403 2453 545 2486 Honorii
568 2464 629 2487 nec
653 2454 800 2488 Alarichi
825 2467 862 2489 se
884 2458 1035 2501 partibus
1050 2458 1250 2500 adiungenS.
1275 2469 1347 2490 cum
1361 2456 1719 2502 exiguislbarbatorum

294 2497 401 2541 copiis
426 2498 460 2531 in
483 2499 606 2532 Piceno
631 2506 867 2545 commoratur,
891 2503 1094 2547 Atausphus,
1117 2503 1174 2548 qui
1198 2506 1288 2536 esset
1313 2502 1434 2535 infesto
1458 2502 1494 2535 in
1514 2511 1586 2534 eum
1611 2499 1719 2534 animo

295 2546 434 2587 propter
455 2544 614 2587 quasdam
637 2545 772 2578 obortas
791 2553 870 2580 ante
885 2548 946 2581 hoc
960 2552 1090 2592 tempus
1103 2547 1303 2586 inimicitias,
1326 2548 1369 2580 ad
1383 2558 1424 2580 ea
1438 2547 1512 2579 loca
1527 2555 1599 2578 cum
1615 2545 1721 2590 copiis

294 2587 460 2621 universis
486 2589 617 2623 accedit
643 2590 761 2634 quibus
783 2590 817 2624 in
838 2592 918 2625 locis
943 2598 1010 2626 tum
1034 2594 1123 2627 forte
1141 2594 1244 2627 Sar-us
1259 2595 1342 2625 erat.
1387 2591 1475 2625 illum
1489 2590 1721 2624 adventantem

295 2643 370 2666 cum
395 2633 498 2667 Sar-us
523 2634 814 2677 animadverteret,
848 2649 914 2670 non
939 2638 1020 2670 satis
1035 2638 1077 2670 ad
1096 2637 1358 2672 committendam
1373 2647 1514 2681 pugnam
1526 2635 1721 2668 instructum

294 2688 332 2710 se
351 2682 460 2717 ratus,
483 2679 538 2723 qui
553 2680 701 2714 homines
717 2692 826 2715 secum
842 2687 1009 2716 trecentos
1026 2682 1187 2716 duntaxat
1202 2682 1356 2725 haberet,
1381 2681 1424 2715 ad
1439 2680 1623 2715 Honorium
1641 2690 1722 2727 pro-

293 2723 414 2766 fugere
429 2724 548 2760 statuit
561 2730 596 2760 et
612 2737 684 2761 cum
699 2738 739 2761 eo
753 2726 833 2762 belli
847 2728 1008 2762 adversus
1023 2728 1212 2762 Alarichum
1225 2726 1420 2762 societatem
1434 2726 1535 2762 coire·
