1812 3016
283 103 376 150 164
572 123 576 127 ·
906 99 1102 144 ZOSIMI

277 234 414 274 μαραν
447 210 599 271 ἦλθον,
633 214 735 258 ἔνθα
761 213 1000 268 μεταμέλεια
1025 210 1178 262 πάντας
1200 213 1361 266 εῗσῆλθε
1384 213 1456 265 τῆς
1477 213 1556 252 τῶν
1578 212 1725 254 πλοίων

279 284 530 342 ἐμπρήσεως·
560 282 613 327 τά
633 301 673 326 τε
694 283 771 340 γὰρ
792 280 984 338 ὑποζύγια
1005 281 1107 338 πρὸς
1124 279 1196 335 τὴν
1215 283 1295 322 τῶν
1311 275 1539 332 ἐπιτηδείων
1557 277 1725 332 κομιδὴν

279 354 352 396 οὔκ
390 351 571 410 ἐπήρκει,
606 349 804 405 τοσαύτην
836 349 929 393 ὁδὸν
959 351 1026 392 καὶ
1051 353 1184 391 πᾶσαν
1211 347 1279 390 διὰ
1302 346 1494 400 πολεμίας
1518 349 1724 388 ταλαιπω-

279 420 477 478 ρούμενα,
512 422 578 463 καὶ
609 420 646 462 οἱ
676 420 834 476 Πέρσαι
865 418 916 460 τὰ
949 415 1174 474 γεννήματα
1204 415 1456 471 συλλέγοντες
1479 413 1555 457 ὅσα
1581 411 1662 456 οἷοί
1683 430 1725 456 τε

277 485 404 544 ἦσαν,
452 490 519 531 καὶ
552 495 636 538 τοῖς
669 485 938 544 ὀχυρωτάτοις
970 486 1316 533 ἐναποκλείσαντες
1349 480 1511 534 τόποις,
1549 486 1622 535 τῆς
1646 482 1755 523 ἆπὸ5

278 556 430 600 τούτων
445 558 584 613 χρείας
603 556 647 598 τὸ
662 554 883 609 Ῥωμαϊκὸν
904 555 1131 611 ἀφῃροῦντο
1156 550 1435 609 στρατόπεδον.
1504 551 1546 592 ἐν
1567 551 1611 592 δέ
1630 548 1726 592 τού-

278 643 362 675 τοις
380 624 489 679 ὅμως
507 620 619 667 οὖσιν
639 623 774 673 αὐτοῖς
793 621 967 680 ἐπεφάνη
989 621 1173 678 Περσικὰ
1189 618 1375 675 τάγματα
1383 650 1396 670 ,
1423 619 1489 660 καὶ
1508 616 1642 672 μάχης
1659 634 1726 674 γε-

275 694 441 747 νομένης
464 690 656 749 ἐκράτουν
676 695 733 750 τῷ
752 693 899 734 πλείονι
912 689 1126 744 Ῥωμαῖοι,
1160 688 1332 738 πολλοὺς
1352 685 1439 741 ἅμα
1456 690 1536 729 τῶν
1553 689 1726 743 Περσῶν

275 760 493 810 ἀνελόντες.

414 832 480 884 Τῇ
513 827 557 869 δὲ
588 825 689 880 μετὰ
711 830 839 868 ταῦτα
860 822 991 884 ἡμέρα
1014 826 1103 880 περὶ
1124 821 1362 878 πλήθουσαν
1382 821 1532 879 ἀγορὰν
1554 820 1592 862 οἳ
1611 820 1724 878 Πέρ-
1738 826 1780 861 10

277 913 344 939 σαι
378 894 668 948 συνταχθέντες
696 894 752 943 εἷς
783 896 942 947 πλῆθος
970 898 1053 942 τοῖς
1076 891 1262 948 οὖραγοῖς
1283 895 1356 932 τοῦ
1371 889 1579 943 Ῥωμαίων
1599 906 1725 946 στρα-

274 963 471 1018 τεύματος
500 961 710 1016 ἀδοκήτοις
737 962 938 1002 ἐπέπεσον.
1007 960 1045 1002 οῗ
1073 960 1117 1001 δὲ
1146 957 1384 1002 ἀσύντακτοι
1413 957 1511 1008 τέως
1527 956 1636 1006 ὄντες
1657 959 1724 998 καὶ

275 1037 333 1089 τῷ
367 1032 555 1088 αι’φνιδίῳ
587 1035 660 1085 τῆς
687 1027 835 1086 ἐφόδου
867 1026 1210 1085 συνταραχθέντες
1232 1026 1342 1081 ὅμως
1362 1026 1582 1068 ἅντεπιέναι
1604 1041 1724 1082 προε-

274 1104 505 1153 θυμοῦντο,
532 1102 605 1140 τοῦ
635 1097 832 1151 βασιλέως
859 1091 958 1152 ᾖπερ
992 1094 1126 1138 εἰώθει
1158 1093 1377 1152 περιιόντος
1398 1096 1465 1136 καὶ
1489 1096 1545 1143 εἷς
1565 1090 1725 1150 θάρσος

272 1168 348 1217 τὰς
377 1166 508 1217 τάξεις
535 1167 764 1222 ἐγείροντος.
834 1164 961 1219 (29)
993 1165 1074 1206 ἐπεὶ
1100 1164 1142 1205 δὲ
1165 1165 1220 1213 εἷς
1240 1170 1380 1219 χεῖρας
1401 1161 1572 1211 ἅπαντες
1591 1156 1723 1216 ἦλθον
1735 1170 1779 1206 15

274 1235 462 1290 ἀλλήλοις
470 1266 483 1286 ,
519 1234 639 1276 ἐπιὼν
670 1233 764 1282 τοὺς
793 1230 1034 1288 ταξιάρχους
1061 1233 1127 1273 καὶ
1154 1229 1371 1286 λοχαγούς,
1407 1229 1726 1284 ἀναμεμιγμένος

272 1305 318 1345 δὲ
340 1307 398 1360 τῷ
419 1300 586 1356 πλήθει,
622 1299 833 1355 πλήττεται
855 1301 958 1355 ξίφει
980 1299 1082 1355 παρ’
1105 1299 1229 1352 αὐτὴν
1246 1304 1317 1353 τῆς
1335 1295 1469 1352 μάχης
1488 1297 1561 1352 τὴν
1578 1295 1724 1351 ἀκμήν,

272 1373 338 1413 καὶ
367 1372 562 1418 ἐπιτεθεὶς
594 1369 731 1410 ἀσπίδι
764 1365 950 1424 φοράδην
982 1367 1045 1408 ἐπὶ
1074 1366 1147 1421 τὴν
1177 1366 1324 1421 σκηνὴν
1350 1365 1507 1421 ἄγεται,
1540 1364 1659 1421 μέχρι
1680 1382 1722 1407 τε

271 1438 412 1488 νυκτὸς
435 1438 560 1491 μέσης
589 1437 760 1493 ἀρκέσας
794 1436 1016 1486 ἀπέθανεν,
1051 1434 1098 1476 οὗ
1131 1431 1269 1491 πόρρω
1290 1434 1363 1488 τὴν
1380 1435 1559 1490 Περσῶν
1567 1431 1722 1488 ’ἡγεμο-

270 1508 359 1548 νιάν
400 1506 599 1554 ἀπωλείας
632 1502 888 1558 καταστήσας
925 1501 1109 1556 ἐσχάτης.
1177 1502 1233 1546 ἔτι
1265 1503 1308 1544 δὲ
1337 1505 1409 1554 τῆς
1437 1505 1620 1555 τελευτῆς
1649 1504 1778 1543 cozzo

270 1574 469 1628 βασιλέως
500 1572 622 1627 οὔσης
652 1571 824 1626 ἀδήλου,
858 1575 939 1613 τῶν
965 1569 1173 1623 Ῥωμαίων
1205 1569 1225 1613 ὅ
1256 1568 1427 1626 στρατὸς
1448 1570 1510 1610 ἐπὶ
1532 1572 1722 1611 τοσοῦτον

272 1640 486 1698 ἐκράτησεν
508 1640 607 1683 ὥστε
629 1638 869 1694 πεντήκοντα
886 1639 959 1692 μέν
978 1642 1058 1680 τῶν
1080 1639 1121 1679 ἐν
1140 1640 1304 1696 μεγίστῃ
1327 1634 1491 1691 δυνάμει
1511 1634 1722 1693 σατράπας

271 1717 402 1752 πεσεῖν
412 1741 425 1761 ,
461 1710 527 1750 καὶ
549 1709 610 1750 ἐπὶ
635 1706 791 1757 τούτοις
812 1706 974 1763 ἄπειρον
995 1710 1166 1760 πλῆθος.
1233 1707 1314 1748 ἐπεὶ
1333 1706 1376 1748 δὲ
1394 1702 1420 1760 ἦ
1436 1708 1508 1748 τοῦ
1524 1705 1720 1759 βασιλέως

359 1829 381 1862 2
404 1826 470 1871 τὴν
494 1826 562 1861 add
583 1828 621 1861 S.
764 1825 807 1862 15
830 1821 1044 1869 (ἐγείραντος
1065 1824 1138 1858 LP.

270 1928 329 1961 ubi
346 1930 626 1961 concrematarum
642 1926 773 1960 navium
789 1929 925 1960 cunctos
941 1925 1126 1970 paenituit:
1158 1924 1282 1970 quippe
1298 1924 1442 1958 iumenta
1457 1923 1608 1958 vehendo
1625 1934 1718 1958 com-

270 1973 395 2006 meatui
422 1985 485 2006 non
510 1973 740 2014 sufficiebant,
773 1971 859 2005 tanti
877 1971 940 2005 iam
958 1971 1087 2005 itineris
1102 1971 1266 2004 aerumnis
1280 1971 1311 2003 in
1328 1970 1438 2003 hostili
1453 1970 1523 2003 solo
1539 1970 1716 2011 consentu

271 2024 306 2052 et
320 2019 449 2052 Persae
465 2029 679 2061 quoscunque
695 2022 850 2062 poterant
869 2018 998 2050 fructus
1018 2017 1235 2061 colligentes,
1259 2026 1373 2048 eorum
1394 2014 1483 2048 intra
1500 2015 1718 2049 munitissima

268 2064 346 2097 loca
361 2062 592 2095 conclusorum
608 2074 669 2095 usu
687 2063 852 2095 Romanos
868 2061 1101 2106 prohibebant.
1148 2062 1211 2095 hoc
1233 2064 1342 2093 tamen
1366 2071 1474 2094 rerum
1492 2065 1583 2093 statu
1599 2060 1716 2093 Persi-

269 2109 318 2142 cis
332 2107 519 2151 legionibus
536 2107 722 2152 conspectis
734 2132 743 2147 ‚
776 2106 925 2152 initaque
940 2117 1055 2152 pugna
1067 2134 1077 2151 ‚
1110 2106 1210 2151 longe
1226 2105 1367 2140 Romani
1381 2106 1573 2151 superiores
1588 2105 1716 2139 evade-

268 2154 352 2189 bant
365 2179 376 2194 ,
399 2153 511 2186 multis
526 2152 640 2185 Persis
655 2151 852 2186 interfectis.
1628 2152 1630 2156 ’

359 2197 530 2231 Postridie
560 2197 631 2230 eius
663 2197 747 2238 diei,
770 2208 836 2241 quo
865 2200 1016 2242 tempore
1046 2197 1155 2231 sorum
1185 2195 1485 2240 frequentissimum
1515 2198 1609 2238 erat,
1632 2206 1715 2230 con-

271 2243 396 2288 globati
422 2243 547 2276 Persae
573 2252 634 2274 nec
659 2241 835 2287 opinantes
862 2253 919 2275 eos
947 2242 1002 2286 qui
1034 2253 1153 2285 agmen
1182 2245 1366 2274 extremum
1398 2242 1620 2275 Romanorum
1656 2253 1715 2274 co-

270 2290 394 2332 gebant
424 2287 532 2320 adorti
562 2290 651 2319 sunt.
719 2287 767 2319 illi
806 2287 958 2331 quamvis
990 2287 1134 2320 nondum
1164 2286 1296 2319 ordines
1323 2286 1558 2320 instruxissent
1587 2290 1623 2320 et
1648 2286 1713 2327 ‚im—

270 2333 443 2380 pressione
471 2331 579 2366 subita
608 2330 795 2376 perturbati
826 2337 954 2374 essent,
990 2337 1100 2365 tamen
1128 2331 1271 2364 vicissim
1302 2332 1335 2364 in
1365 2332 1494 2365 hostem
1525 2332 1714 2377 pergebant

269 2378 450 2417 alacriter,
475 2376 626 2422 principe
655 2387 749 2409 more
776 2387 835 2409 suo
865 2376 1088 2410 circumeunte
1121 2382 1156 2410 et
1182 2376 1329 2420 legiones
1357 2377 1401 2410 ad
1430 2377 1587 2411 virtutem
1618 2377 1712 2410 exci-

269 2428 374 2458 tante.
423 2423 518 2467 (29)
550 2432 624 2455 cum
647 2421 690 2454 ad
712 2431 827 2453 manus
843 2420 989 2466 undique
1003 2425 1137 2455 ventum
1153 2427 1242 2455 esset
1256 2426 1290 2454 et
1305 2422 1487 2466 imperator
1502 2420 1621 2467 partim
1637 2426 1712 2455 tur—

270 2479 396 2503 marum
410 2468 512 2501 duces
526 2478 567 2500 ac
579 2466 729 2500 tribunos
744 2465 867 2506 obiret,
890 2467 1011 2510 partim
1034 2466 1221 2511 promiscue
1243 2469 1397 2501 conserta
1410 2468 1444 2501 in
1460 2468 1560 2501 turba
1574 2467 1712 2501 militum

270 2517 483 2554 versaretur,
507 2513 540 2545 in
563 2511 637 2557 ipso
656 2510 776 2544 ardore
791 2511 908 2555 proelii
924 2511 1035 2554 gladio
1051 2512 1187 2552 feritur,
1211 2517 1374 2557 scutoque
1387 2512 1560 2558 impositus
1576 2511 1619 2545 ad
1635 2516 1710 2546 ten-

269 2560 391 2592 torium
416 2558 632 2602 deportatur-3
660 2556 718 2590 ubi
742 2554 812 2588 vita
826 2555 964 2589 mediam
980 2556 1023 2589 ad
1038 2561 1168 2589 noctem
1184 2567 1288 2601 usque
1302 2558 1465 2602 producta
1479 2563 1628 2591 mortuus
1644 2562 1710 2600 est,

269 2604 450 2638 Persarum
464 2602 602 2647 imperio
618 2600 852 2655 propemodum
868 2601 910 2634 ab
928 2612 967 2633 eo
981 2601 1045 2634 iam
1061 2601 1103 2634 ad
1119 2607 1299 2636 extremum
1316 2602 1451 2638 exitium
1467 2602 1612 2636 redacto.
1657 2602 1707 2635 in-

269 2655 367 2682 terea
390 2659 470 2682 vero
493 2649 568 2681 dum
594 2646 697 2693 princi
722 2645 751 2679 is
773 2645 883 2679 obitus
906 2645 1099 2689 ignoratur,
1131 2656 1237 2691 usque
1252 2647 1337 2681 adeo
1354 2647 1521 2681 exercitus
1537 2648 1707 2681 Romanus

269 2694 423 2737 superior
448 2693 596 2726 hostibus
617 2691 768 2733 exstitit,
790 2694 830 2724 ut
844 2689 1078 2736 quinquaginta
1095 2691 1256 2726 maximae
1271 2692 1448 2737 potestatis
1462 2697 1617 2738 satrapae
1633 2703 1706 2726 cum

268 2738 397 2772 infinita
418 2738 627 2773 multitudine
648 2736 819 2772 caderent.
865 2739 900 2772 at
914 2735 970 2771 ubi
985 2747 1073 2771 mors
1087 2735 1297 2783 imperatoris
1310 2738 1476 2781 innotuit,
1498 2737 1629 2784 iamque
1643 2737 1705 2772 mi-

1803 2606 1812 2705 ἒ

1803 2716 1812 2741 5
