1812 3016
441 94 884 142 COMMENTARIUS
905 93 1258 140 mstomcus.
1473 93 1575 143 377

195 222 202 228 ’
239 206 443 260 901611'
462 209 506 249 2.
560 206 762 245 Ammian-
777 206 863 244 l.c.
885 205 1102 245 Paeo-uns
1130 205 1573 258 caesisplus‘minusve

130 261 284 302 dnobus
303 261 466 301 milibus
483 269 521 300 et
541 264 783 314 quingentis,
807 263 1081 300 Romanam
1097 265 1351 315 septuaginta
1366 263 1494 303 modo.

241 317 298 357 ib.
320 332 361 357 v.
381 321 424 361 8.
479 319 516 357 si
540 317 591 357 de
618 319 874 358 Constantino
906 325 975 357 aut
1000 317 1230 358 Theodosio
1259 321 1442 358 Zosimus
1472 317 1573 357 haec

131 373 321 424 dixisset,
348 387 469 426 grave
488 373 596 427 apud
609 375 758 413 multos
778 375 999 414 calumniae
1019 381 1059 414 et
1074 375 1365 413 obtrectationis
1381 374 1573 414 iudicium

130 430 337 470 subiisset·
363 443 445 469 non
474 432 582 469 enim
608 430 743 480 tertio,
771 430 844 469 sed
870 431 999 483 primo
1026 429 1092 469 die
1120 432 1206 483 ipse
1233 432 1408 470 Iulianus
1425 432 1573 469 flumen

130 487 303 534 traiecit,
330 487 543 530 ¹Ammiano
567 493 682 525 teste.
738 493 779 525 at
806 489 989 526 Zosimus
1014 489 1188 539 primum
1207 488 1404 525 Iulianum
1424 490 1478 525 ait
1497 501 1574 525 na-

130 555 201 581 ves
232 515 380 580 milites
414 541 676 581 conscendere
714 543 874 582 iussisse
912 542 976 595 (c.
1011 543 1094 594 25)
1131 550 1172 581 et
1207 542 1359 582 duabus
1390 545 1571 592 navibus,

130 611 231 651 quas
258 599 535 651 praemiserat,
565 600 746 637 crematis
765 601 847 637 iam
864 612 996 637 omnes
1013 600 1214 638 transiisse
1235 600 1382 638 flumen
1412 599 1466 652 (c.
1482 600 1573 651 25).

130 652 303 693 secundo
342 661 432 706 post
469 655 667 706 proelimn
706 653 772 693 die
813 653 859 696 τᾶ
907 668 1128 707 croatam«
1172 657 1324 694 traiecit
1368 654 1431 707 (c.
1475 655 1571 706 26),

129 715 172 749 et
196 711 311 748 tertio
341 708 503 748 demum
530 713 744 762 imperator
768 711 855 763 ipse
893 725 984 749 cum
1017 712 1252 766 δορυφορία.
1308 709 1412 749 hanc
1453 712 1524 764 δορ
1527 727 1574 751 υ-

129 766 280 819 m
302 765 473 804 Gibbon.
503 767 634 818 (Hist.
660 768 776 805 Rom.
799 774 830 804 t.
855 769 884 809 2
909 781 950 819 p.
969 766 1050 809 445
1069 774 1152 805 not.
1172 767 1277 819 73),
1307 766 1478 805 eundem
1508 781 1574 805 er-

127 834 258 861 rorem
274 828 315 860 et
334 820 558 871 dissensum
573 824 724 860 Zosimi
743 836 790 860 ac
808 824 1010 860 Ammiani
1030 823 1265 871 observans,
1296 825 1574 875 interpretatur

126 883 389 930 promotores,
417 878 610 931 quasdam
626 877 782 918 scholas
800 877 1125 928 domesticorum,
1153 879 1320 918 fortasse
1336 882 1515 918 lovianos
1533 886 1574 917 et

126 934 398 973 Herculianos.

238 988 294 1027 ib.
312 1003 351 1028 v.
366 989 435 1032 15.
489 990 690 1028 Ammian.
705 990 735 1027 l.
753 1003 788 1028 c.
806 991 922 1028 exuri
939 997 1098 1029 cunctas
1116 991 1284 1029 iusserat
1300 1004 1434 1040 naves,
1453 1004 1572 1043 prae-

127 1051 190 1084 ter
215 1046 384 1084 ιιιίιιυνω
410 1046 634 1093 duodecim;
661 1045 800 1084 fraude
829 1054 961 1084 autem
987 1047 1243 1098 perfugarum
1272 1049 1448 1099 cognita,
1478 1061 1570 1085 cum

129 1101 307 1140 flammas
334 1103 639 1150 exstinxissent,
674 1102 879 1140 duodecim
900 1109 1055 1140 tantum
1080 1116 1222 1151 naves,
1255 1078 1343 1141 autae³
1352 1103 1571 1142 secundum

127 1158 340 1195 Libanium
361 1158 584 1209 quindecim
601 1165 777 1196 servatae
798 1165 903 1196 sunt.
934 1159 991 1195 R.
1051 1160 1094 1196 in
1116 1160 1269 1197 Iuliano
1286 1160 1471 1212 equidem
1489 1173 1571 1198 non

127 1220 212 1251 tam
229 1214 438 1252 consilium
454 1211 807 1252 oomburendarum
824 1215 987 1251 navium
1006 1214 1304 1266 reprehendam,
1321 1228 1442 1267 quam
1455 1218 1574 1267 igno-

129 1270 321 1307 rationem
336 1270 534 1317 locorum3
565 1282 667 1322 quae
683 1272 843 1308 omnino
859 1271 902 1307 in
917 1271 1214 1309 Romanorum
1202 1285 1245 1308 ιιι
1262 1271 1429 1311 Parthos
1445 1286 1574 1324 expe-

128 1323 343 1364 ditionibus
356 1338 476 1377 saepe
490 1327 742 1394 mirationem
758 1327 867 1364 facit.
923 1326 984 1363 Η.

236 1380 292 1418 ἱό.
313 1394 354 1419 v·
375 1382 442 1423 17
498 1378 819 1430 ἆνακυπτοῦσαις
841 1382 1002 1435 χρείαις.
1056 1382 1256 1420 AmmIan.
1277 1383 1307 1421 Ι.
1329 1397 1364 1423 c.
1382 1398 1571 1436 pangen-

234 1491 291 1530 ib.
311 1506 352 1530 v.
371 1493 439 1534 18.
495 1505 575 1530 non
594 1494 816 1544 perrexisse
835 1493 1065 1531 Iulianum
1053 1507 1095 1531 ιιι
1116 1494 1278 1542 itinere,
1309 1495 1572 1546 quemadmo-

125 1545 224 1586 dum
247 1550 430 1587 Zosimus
455 1550 606 1597 innuit,
635 1548 707 1587 sed
723 1550 887 1586 consilio
906 1548 958 1586 ad
974 1551 1248 1587 necessitatem
1269 1553 1326 1587 rei
1348 1566 1572 1590 accommo-

125 1602 219 1642 dato
237 1617 439 1643 reversum
454 1618 552 1652 esse,
582 1619 637 1642 ex
652 1607 862 1642 Ammiano
881 1612 989 1655 patet
1017 1604 1117 1656 (vid.
1143 1604 1312 1643 Gbebon
1336 1610 1437 1646 Hist.
1454 1610 1573 1646 Rom.

124 1665 156 1698 t.
176 1662 205 1700 2
226 1673 271 1712 p.
285 1659 370 1702 452
392 1667 476 1698 not.
492 1660 590 1709 87).
648 1661 827 1712 quamvis
856 1667 989 1697 autem
1018 1673 1064 1697 ea
1093 1662 1181 1697 viae
1207 1668 1382 1700 mutatae
1411 1665 1572 1701 omissio

124 1713 216 1752 ideo
245 1728 268 1752 a
294 1717 455 1753 Zosimo
486 1714 666 1752 videatur
692 1717 815 1763 facta,
845 1722 889 1752 ut
917 1715 1147 1753 occultando
1173 1729 1274 1768 quae
1302 1719 1572 1770 imprudenter

123 1770 301 1809 Iulianus
331 1778 465 1821 egerat
492 1771 654 1808 laudem
685 1774 769 1809 eius
788 1772 984 1821 integram
1003 1779 1122 1823 atque
1142 1772 1334 1811 illibatam
1354 1780 1582 1823 conservet,

123 1833 261 1864 tamen
276 1827 363 1864 sine
354 1800 518 1864 ε,ΐι-ιιιιάιι
535 1840 629 1864 eum
644 1834 683 1864 et
701 1841 754 1865 ex
771 1828 1016 1877 ignoratione
1035 1826 1111 1865 hoc
1127 1830 1295 1867 tacuisse
1311 1833 1568 1889 suspicamur,

123 1883 159 1920 si
179 1881 344 1934 quidem
360 1883 550 1920 Libanius
567 1882 676 1920 idem
695 1884 827 1920 omisit
845 1891 884 1921 et
899 1885 1082 1923 Zosimus
1101 1897 1124 1921 a
1140 1886 1301 1923 loviano
1322 1885 1483 1924 demum
1502 1901 1568 1925 re-

124 1937 253 1976 ditum
268 1939 419 1976 factum
435 1937 597 1976 tradidit
625 1939 689 1989 (c.
708 1938 806 1988 30).

234 2007 277 2045 p.
298 1996 379 2036 168
396 2007 437 2031 v.
453 1996 523 2035 21.
582 1993 687 2045 apud
703 1996 982 2044 Ammianum,
1013 1996 1083 2047 qui
1105 1994 1154 2032 de
1173 1996 1339 2035 navibus
1360 1999 1483 2051 captis
1502 2006 1565 2036 ta·-

124 2056 210 2097 cet,
241 2050 336 2087 licet
363 2050 517 2101 reliqua
545 2063 636 2088 cum
664 2051 776 2101 copia
805 2049 955 2100 tradat,
993 2053 1176 2090 vetranio
1205 2051 1338 2102 audit,
1365 2055 1567 2105 legionem

123 2077 364 2143 Ziannorum
378 2118 533 2156 regens.

235 2174 277 2212 p-
298 2159 377 2202 164
393 2175 432 2198 v.
456 2160 522 2202 14.
578 2162 776 2209 Iulianus,
805 2168 851 2199 ut
875 2174 997 2214 quam
1023 2164 1196 2214 primum
1222 2165 1303 2202 suis
1324 2166 1366 2202 in
1386 2171 1564 2202 extremo

124 2214 283 2267 agmine
298 2216 566 2254 laborantibus
585 2224 845 2265 succurreret,
873 2218 1018 2255 loricae
1038 2219 1206 2267 oblitus,
1236 2228 1391 2271 arrepto
1413 2227 1567 2257 tantum

124 2272 227 2309 inter
246 2273 461 2310 tumultum
477 2280 607 2320 scuto,
638 2286 753 2310 cursu
768 2275 811 2309 in
834 2275 958 2311 aciem
974 2283 1262 2325 properaverat.

235 2327 290 2364 ib.
310 2341 350 2365 v.
373 2330 439 2369 17.
496 2330 613 2381 quale
642 2329 767 2365 telum
796 2329 916 2366 fuerit
942 2342 1021 2382 quo
1045 2331 1271 2369 vulneratus
1302 2331 1476 2368 Iulianus
1502 2331 1566 2379 sit,

123 2381 236 2420 haud
270 2390 492 2422 constanter
525 2386 733 2435 scriptores
771 2384 951 2435 tradunt,
995 2389 1245 2424 nominantes
1277 2383 1371 2435 δόρυ
1405 2384 1567 2434 ἱππέως,

124 2435 320 2486 εἶκον-τιον,
349 2435 507 2490 αἰχμην,
536 2448 748 2491 equestrem
763 2441 940 2487 hastam,
967 2449 1139 2479 confirm.
1200 2442 1359 2479 maioris
1375 2442 1567 2478 momenti

126 2501 186 2531 est
203 2496 379 2546 quaestio
395 2496 464 2532 illa
475 2525 487 2543 ,
515 2509 540 2533 a
558 2509 732 2548 quonam
747 2497 874 2534 telum
890 2496 998 2535 istud
1017 2500 1185 2536 missum
1206 2499 1347 2534 fuerit·
1336 2524 1347 2533 .
1379 2497 1427 2533 ab
1449 2495 1566 2543 hoste

125 2550 303 2601 plerique
332 2551 527 2599 scribunt,
567 2565 591 2589 a
618 2553 745 2588 milite
771 2554 950 2591 Romano
983 2554 1066 2590 alii.
1128 2560 1167 2589 at
1200 2552 1342 2589 diserte
1374 2552 1564 2590 Libanius

126 2603 366 2643 Christianos
387 2613 564 2644 auctores
587 2606 726 2644 caedis
738 2616 906 2646 accusat.
964 2622 1066 2660 quae
1095 2609 1336 2654 criminatio,
1369 2609 1426 2655 si,
1458 2607 1564 2659 quod

125 2661 240 2696 multi
262 2661 525 2709 contendunt,
551 2665 734 2701 Zosimus
755 2663 1023 2701 calumniandi
1042 2663 1171 2701 studio
1190 2676 1232 2700 se
1253 2661 1481 2712 dedidisset,
1511 2662 1563 2737 ad

125 2715 365 2755 cavillandos
386 2716 625 2758 Christianos
637 2732 766 2771 quam
782 2722 958 2758 maxime
976 2719 1119 2757 idonea
1139 2725 1236 2758 erat.
