1716 3100
250 646 373 719 10.
419 643 685 716 FRID.
731 639 1412 713 REITEMEIERI

481 783 529 842 P
558 781 614 838 R
643 782 700 838 A
729 780 778 837 E
810 780 855 837 F
885 780 943 837 A
970 778 1027 836 T
1054 779 1083 835 1
1114 775 1188 835 O.

115 1054 172 1122 In
194 1084 404 1124 virtutihus
422 1090 462 1122 et
480 1082 664 1122 laudibus
683 1084 917 1135 scriptorum
937 1080 1006 1134 qui
1025 1093 1156 1118 rerum
1175 1086 1375 1131 gestarum
1397 1091 1549 1116 memo-
1575 1095 1609 1128 p.
1637 1090 1678 1115 111

116 1152 217 1189 riam
230 1153 356 1190 literis
375 1153 626 1203 consignant,
655 1163 746 1188 cum
763 1150 943 1200 princeps
962 1155 1000 1185 et
1018 1160 1111 1199 prae
1132 1148 1269 1185 ceterIs
1286 1148 1462 1184 maxime
1477 1160 1551 1184 ne-

117 1220 286 1256 cessaria
316 1220 368 1257 sit
394 1218 492 1256 fides
520 1226 638 1270 atque
667 1217 716 1254 ab
744 1217 854 1254 omni
872 1223 911 1253 et
927 1214 1056 1253 studio
1074 1222 1113 1251 et
1134 1213 1226 1252 odio
1249 1215 1441 1252 alienatus
1461 1216 1550 1252 ani-

115 1297 228 1335 mus,
255 1286 340 1323 sine
362 1297 440 1338 quo
464 1298 595 1324 rerum
615 1297 715 1336 quas
734 1283 959 1334 scripserint
977 1284 1048 1321 vix
1070 1282 1183 1319 uobis
1203 1282 1305 1319 ullus
1323 1295 1408 1319 esse
1424 1287 1553 1333 potest

116 1365 234 1401 usus,
261 1354 381 1390 etlam
406 1354 455 1390 iis
484 1343 552 1405 qui
571 1353 613 1388 in
630 1350 792 1388 vetustis
807 1349 1060 1400 scriptoribus
1078 1347 1328 1400 expoliendis
1345 1356 1383 1386 et
1399 1347 1450 1385 ad
1465 1356 1552 1386 stu-

117 1417 272 1459 diorum
297 1427 518 1458 nostrorum
550 1416 803 1456 commodum
826 1414 1063 1456 adornandis
1090 1414 1275 1453 insudant
1313 1427 1428 1453 aurae
1465 1428 1551 1453 esse

110 1485 283 1526 debebat
300 1500 421 1540 quam
439 1487 618 1524 maximo
634 1492 678 1523 ut
694 1490 918 1532 auctorum,
945 1495 1045 1536 quos
1063 1496 1182 1533 opera
1198 1495 1268 1520 sua
1287 1482 1338 1520 ad
1353 1482 1552 1534 publicam

114 1554 324 1594 utilitatem
345 1561 502 1605 paratos
529 1560 569 1591 et
593 1554 799 1590 instructos
822 1552 966 1599 velint,
995 1564 1130 1589 severo
1148 1549 1295 1588 iudicIo
1310 1551 1414 1587 facto
1435 1548 1555 1587 fidem

115 1627 248 1659 eunte
265 1622 537 1672 explorarent,
566 1626 604 1657 et
621 1632 722 1672 quae
738 1620 788 1656 ab
806 1620 857 1656 iis
875 1617 1018 1655 tradita
1034 1619 1117 1656 sive
1134 1631 1225 1655 vera
1243 1619 1326 1654 sive
1340 1617 1441 1653 falsa
1459 1618 1552 1656 sint,

114 1686 262 1730 iudicio
290 1689 394 1726 facto
422 1687 707 1735 disoernerent,
735 1693 802 1724 aut
827 1687 861 1724 si
885 1699 948 1722 res
969 1687 1101 1723 minus
1118 1686 1236 1722 ferret
1256 1690 1294 1721 et
1312 1685 1354 1720 in
1373 1690 1553 1721 neutram

114 1761 268 1806 partem
283 1753 437 1807 liquido
458 1756 703 1806 pronuntiari
722 1761 853 1805 posset
865 1783 876 1802 ,
905 1760 1097 1805 quantum
1119 1764 1298 1804 quaeque
1316 1764 1380 1788 res
1394 1752 1554 1802 propior

115 1834 209 1859 vero
229 1822 295 1861 vel
313 1822 413 1860 falso
434 1824 505 1870 sit,
531 1823 802 1860 examinarent
819 1829 857 1859 et
878 1819 1149 1858 diiudicarent.
1203 1819 1383 1870 inprimis
1402 1830 1494 1856 vero
1518 1818 1553 1853 si

110 1879 208 1940 'quis
237 1887 432 1926 eiusmodi
457 1890 605 1925 auctori
634 1887 833 1929 addixerit
862 1900 975 1925 suam
1004 1899 1164 1938 operam
1191 1888 1262 1938 qui
1289 1884 1384 1923 fidei
1402 1884 1552 1921 laboret

116 1955 224 1993 tama
250 1961 291 1992 et
317 1957 629 2004 existimatione,
656 1956 734 1995 nisi
761 1956 983 2005 suspicione
1002 1953 1054 1989 ab
1072 1966 1118 1990 eo
1137 1959 1286 1989 remota
1306 1959 1372 1989 aut
1391 1950 1445 1988 ad
1463 1964 1550 1987 mo-

117 2020 215 2062 dum
231 2023 380 2060 iustum
396 2029 578 2061 revocata
598 2021 692 2059 fidei
716 2023 801 2059 eius
819 2028 937 2072 atque
957 2021 1174 2058 auctoritati
1197 2018 1324 2056 honos
1346 2031 1440 2056 suus
1463 2018 1552 2055 vin-

117 2088 268 2126 dicatus
294 2089 435 2139 fuerit,
465 2103 556 2130 cum
581 2091 761 2140 scriptori
786 2087 915 2127 laudis
940 2095 1027 2126 tum
1050 2086 1191 2124 editori
1215 2099 1378 2124 suorum
1397 2086 1440 2122 in
1460 2098 1552 2122 eum

117 2157 346 2195 meritorum
365 2164 755 2209 quantorumcunque
774 2157 880 2193 fama
899 2153 1202 2206 periclitandum
1218 2155 1304 2191 erit.
1358 2151 1403 2190 id
1425 2154 1549 2203 inpri-

117 2224 195 2260 mis
214 2223 258 2259 in
274 2224 432 2261 Zosiino
452 2237 536 2264 esse
552 2224 739 2275 periculi,
769 2225 811 2260 in
835 2223 946 2263 cuius
970 2235 1074 2260 nova
1097 2220 1267 2259 editione
1284 2219 1458 2272 paranda
1474 2232 1549 2256 no-

118 2297 198 2328 stra
217 2302 335 2340 opera
355 2297 552 2339 versatur,
579 2292 781 2329 neminem
797 2291 934 2341 fugere
954 2297 1083 2342 potest
1095 2319 1107 2338 ,
1136 2303 1226 2327 cum
1247 2289 1483 2326 tralaticium
1500 2287 1551 2323 sit

119 2364 359 2409 quantopere
380 2358 464 2395 eius
484 2370 507 2396 a
524 2358 665 2408 primis
683 2357 777 2398 inde
801 2357 1045 2409 temporibus
1062 2355 1114 2394 ad
1130 2363 1303 2394 nostram
1319 2354 1553 2392 memoriam

119 2425 358 2466 existimatio
378 2424 633 2472 laboraverit,
663 2423 761 2462 adeo
779 2432 823 2463 ut
838 2426 1129 2464 calumniatoris
1147 2422 1458 2461 Christianorum
1474 2433 1550 2470 po-

119 2492 198 2529 tius
232 2503 353 2543 quam
388 2478 564 2530 historici
599 2489 677 2528 fide
707 2490 819 2542 digni
844 2491 1040 2551 egidonei
1068 2492 1229 2530 nomine
1256 2490 1390 2526 venire
1411 2487 1547 2524 soleat.

119 2555 239 2594 habet
265 2558 334 2594 ille
358 2564 493 2596 tamen
518 2559 681 2599 vii-tates
712 2565 830 2610 atque
857 2560 1067 2607 utilitates,
1094 2571 1166 2609 pro
1188 2557 1325 2594 aetatis
1346 2567 1424 2606 qua
1446 2555 1547 2592 vixit
1575 2565 1613 2598 p·
1638 2564 1677 2587 lv

122 2625 270 2662 ratione
299 2630 339 2661 et
362 2624 507 2674 literiiz,
533 2623 642 2663 haud
662 2626 857 2676 vulgares.
911 2639 1005 2663 nam
1024 2639 1085 2662 res
1106 2626 1268 2674 exponit
1286 2622 1453 2659 labantis
1468 2623 1547 2658 im-

121 2691 219 2740 perii
244 2691 432 2739 Romani,
471 2690 579 2742 quod
604 2705 684 2730 non
711 2694 842 2732 minus
870 2693 1154 2731 calamitatibus
1179 2698 1216 2726 et
1246 2687 1400 2726 excidio
1427 2702 1549 2740 quam

122 2755 392 2807 magnitudine
409 2764 448 2795 et
465 2759 714 2800 incrementis
732 2761 813 2800 suis
832 2760 981 2798 clarum
999 2765 1057 2797 est
1073 2771 1119 2796 ac
1134 2755 1412 2806 memorabile5
1438 2768 1548 2794 com-
