1812 3016
294 70 391 118 348
833 72 1194 117 REITEMEIERI

292 195 379 220 rem
411 180 620 234 deceptum
649 179 857 238 ὁμωνυμίᾳ
884 183 962 221 1οοί
988 190 1146 240 putasse
1175 196 1241 222 eas
1272 196 1357 222 esse
1387 183 1489 223 Tres
1516 184 1733 237 Tabernas,

293 251 396 292 quae
415 246 506 279 suut
525 238 577 276 ad
594 240 739 282 Forum
759 241 893 291 Appii.
932 240 1110 291 Scaliger
1128 238 1180 277 ad
1194 239 1339 281 Euseb.
1359 253 1400 280 n.
1417 243 1486 285 23.
1529 242 1674 280 Cellar.

405 320 446 358 p.
463 308 516 348 76
535 320 575 349 V.
596 309 637 349 3.
691 313 829 349 nactus
856 313 914 344 est
933 308 1108 349 Licinius
1133 321 1213 350 uno
1241 306 1305 345 die
1329 315 1535 361 utramque
1562 307 1736 361 dignita-

295 369 391 411 tem,
420 363 596 401 Caesaris
617 369 654 400 et
672 364 853 413 Augusfi,
882 363 993 400 nullo
1011 365 1197 414 temporis
1216 364 1319 401 inter
1337 377 1403 402 eas
1423 363 1547 407 aditas
1565 365 1737 403 interce-

294 418 412 456 dente
429 419 650 467 intervallo,
681 427 813 457 contra
831 420 1036 470 vulgarem
1054 426 1378 472 =constantemque
1398 419 1735 470 consuetudinem,

294 488 374 527 qua
407 488 487 512 non
521 476 640 514 simul
672 474 743 513 sed
767 473 930 518 diversis
961 488 1005 512 ac
1033 474 1268 518 distantibus
1297 477 1466 518 conferri
1493 477 1735 528 temporibus

293 531 486 574 solebant.
543 538 676 574 contra
706 532 900 574 Lactantli
926 544 1019 571 vero
1038 532 1200 569 Eusebii
1232 539 1270 569 et
1298 532 1423 570 Orosii
1450 535 1734 582 auctoritatem,

294 600 514 638 anonymus
523 588 670 626 Valesii
690 587 858 624 affirmat
875 594 968 624 tunc
985 586 1144 625 demum
1159 589 1357 631 Licinium
1378 588 1565 627 aGalerio
1587 587 1736 626 dictum

293 645 516 697 Augustum
536 657 620 688 esse
631 672 642 691 ‚
684 656 774 687 cum
791 656 842 680 ex
862 644 996 691 Italia,
1037 644 1108 682 ubi
1125 646 1202 695 ipsi
1217 657 1348 685 comes
1363 644 1491 687 fuerat
1507 646 1550 682 in
1568 643 1736 697 expedi-

293 700 400 743 tione
419 698 604 738 adversus
623 701 883 748 Maxentium,
914 698 1042 742 redux
1059 700 1213 743 fuisset.

405 765 458 802 ib.
480 779 520 804 v.
546 768 586 806 6.
642 768 740 804 inita
758 768 861 808 inter
880 779 922 804 se
942 768 1113 809 amicitia
1135 767 1378 806 Maximinus
1392 772 1431 803 et
1450 766 1625 807 Licinius
1641 778 1736 817 prc-

293 822 464 869 vincias,
512 835 680 874 quarum
707 823 919 864 nonnullas
948 823 1017 861 ille
1046 824 1127 859 iam
1151 829 1522 874 praeoccupaverat,
1568 823 1624 861 ita
1644 828 1738 862 sunt

292 878 427 929 partiti
451 884 495 919 ut
516 880 718 929 angustiae
741 876 1081 918 chalcedonenses
1101 891 1173 931 pro
1192 880 1371 921 terminis
1390 884 1533 919 essent.
1588 878 1737 917 Euseb.

292 936 319 975 9
350 937 389 982 6,
418 935 596 972 Lactant.
616 934 669 977 45
699 936 768 976 39.

403 999 458 1038 ib.
488 1014 528 1039 v.
558 1004 623 1043 10.
679 1000 785 1039 unde
814 1001 909 1040 istos
939 1001 1205 1040 Maximianus
1232 999 1414 1044 habuerit
1447 1001 1615 1049 milites,
1654 1013 1736 1039 non

291 1057 432 1108 liquet.
465 1057 520 1100 R,
581 1065 672 1096 sunt
699 1059 943 1099 Constantini
973 1059 1142 1108 milites,
1182 1070 1281 1111 quos
1309 1058 1379 1096 ille
1399 1056 1450 1096 ad
1472 1057 1734 1099 desectionem

289 1114 472 1164 pellexit.
528 1114 589 1152 H.

402 1179 456 1217 ib.
480 1194 519 1218 v.
539 1183 606 1221 13.
662 1181 779 1219 Tarsi
798 1181 896 1219 obiit
914 1182 1158 1220 Maximinus
1177 1180 1231 1234 (c.
1254 1179 1337 1232 17),
1365 1194 1447 1219 non
1467 1179 1735 1218 Maximianus

291 1237 513 1285 Herculius,
531 1249 650 1288 quem
671 1251 855 1285 errorem,
877 1237 1017 1275 eadem
1034 1240 1240 1276 nominum
1258 1236 1516 1276 similitudine
1535 1235 1734 1287 deceptus,

292 1292 473 1330 Socrates
502 1294 657 1329 erravit.
712 1292 874 1331 detectis
903 1293 1056 1331 insidiis
1086 1307 1183 1346 quas
1210 1306 1354 1345 genero
1382 1307 1453 1331 suo
1481 1293 1734 1330 Constantino

290 1349 500 1386 Herculius
527 1355 754 1399 paraverat,
797 1350 866 1386 ubi
884 1351 1101 1387 Massiliam
1118 1350 1212 1399 fuga
1233 1356 1431 1397 evaserat,
1469 1349 1611 1400 laqueo
1633 1347 1735 1384 finiit

291 1405 429 1447 vitam.
485 1405 541 1440 ita
569 1403 730 1441 tradunt
752 1406 1002 1455 Lactantius,
1041 1405 1257 1455 Eusebius,
1299 1411 1338 1443 et
1365 1406 1435 1457 qui
1461 1410 1554 1443 sunt
1571 1403 1734 1440 minoris

293 1460 532 1498 auctoritatis
555 1462 777 1512 scriptores,

403 1526 457 1563 ib.
479 1541 518 1564 v.
545 1530 608 1567 14.
667 1535 859 1579 quantum
877 1527 943 1566 hic
960 1530 1010 1566 sit
1028 1527 1123 1567 ordo
1145 1535 1369 1580 temporum
1389 1526 1651 1579 perturbatus,
1668 1525 1734 1564 in-

289 1583 418 1633 telligi
436 1584 579 1634 poterit
598 1596 651 1620 ex
671 1597 769 1621 mox
787 1586 995 1626 annotatis.
1655 1585 1673 1605 ⁶

400 1638 454 1675 ib.
478 1653 517 1676 v.
542 1640 607 1679 16.
665 1639 755 1677 vide
782 1639 886 1677 hanc
909 1643 952 1678 iu
979 1654 1063 1680 rem
1091 1638 1289 1690 disputata
1314 1637 1412 1676 adl.
1430 1637 1457 1680 4
1475 1639 1518 1677 C.
1536 1637 1620 1676 Th.
1675 1639 1735 1676 Ne

290 1693 387 1746 quid
405 1695 515 1746 publ.
539 1695 663 1733 laetit.
686 1703 724 1733 et
746 1696 802 1733 ibi
825 1697 901 1733 aHa
918 1697 1020 1735 loca.
1077 1698 1198 1738 etiam
1217 1694 1295 1734 hoc
1318 1696 1420 1737 libro
1449 1708 1483 1733 c.
1505 1697 1531 1736 9
1553 1707 1661 1745 supr.
1683 1693 1735 1731 do

289 1751 454 1802 imagin.
477 1752 734 1792 Constantini.
795 1753 942 1790 Ritter.

403 1806 457 1844 ib.
481 1821 521 1844 v.
546 1809 611 1847 17.
669 1807 855 1846 discimus
875 1822 927 1846 ex
945 1806 1123 1846 hocloco
1141 1821 1221 1846 non
1238 1806 1357 1845 modo
1379 1806 1592 1854 Galerium,
1622 1805 1734 1844 cuius

290 1875 408 1913 supra
428 1864 509 1900 iam
525 1871 741 1901 memorata
758 1865 834 1901 fuit
852 1878 957 1902 mors
970 1893 980 1913 ,
1011 1863 1140 1901 adhuc
1157 1865 1199 1901 in
1220 1865 1320 1901 vivis
1335 1864 1470 1910 fuisse,
1498 1860 1606 1914 quod
1622 1862 1733 1898 mili-

290 1914 350 1962 tes
369 1918 497 1955 studio
517 1921 599 1956 eius
619 1923 745 1971 egisse
768 1920 971 1969 dicuntur,
1011 1919 1083 1958 sed
1106 1922 1224 1957 etlam
1244 1920 1419 1957 Africam
1438 1919 1584 1969 Severo
1607 1918 1733 1955 inter-

291 1981 424 2025 empto
457 1973 620 2016 dicionis
643 1977 766 2014 fuisse
789 1975 966 2014 eiusdem
989 1977 1150 2014 Galerii.
1206 1977 1248 2013 in
1272 1975 1464 2026 proximis
1485 1980 1574 2010 ante
1591 1974 1733 2024 capiti-

290 2030 365 2067 bus
395 2031 543 2066 multae
571 2044 632 2068 res
662 2033 886 2082 perturbate
915 2039 953 2069 et
977 2034 1061 2070 sine
1091 2039 1269 2069 accurata
1294 2038 1516 2080 temporum
1531 2031 1732 2066 notatione

292 2091 384 2123 sunt
403 2087 567 2136 positae,
602 2099 712 2138 quas,
743 2090 776 2125 si
799 2101 869 2125 suo
889 2087 1023 2130 ordine
1043 2087 1293 2125 collocandae
1313 2093 1465 2133 essent,
1498 2087 1554 2122 ita
1576 2084 1733 2136 disponi

293 2148 502 2192 opor-teret.
560 2155 661 2181 anno
683 2146 762 2187 306
784 2144 1037 2181 Constantino
1065 2143 1115 2180 ad
1134 2150 1287 2194 patrem
1307 2144 1349 2179 iu
1366 2143 1611 2178 Britanniam
1635 2153 1733 2191 pro-.-

291 2198 417 2246 fecto,
446 2199 690 2249 imperioque
710 2201 747 2239 ei
763 2213 785 2235 a
805 2201 996 2239 militibus
1014 2201 1219 2251 imposito,
1247 2199 1474 2235 Maxentius
1491 2196 1642 2234 invidia
1657 2196 1732 2234 iia-2

291 2266 410 2304 grans
432 2260 469 2291 et
489 2254 700 2297 ambitIoue
721 2253 772 2291 ad
792 2268 852 2292 res
870 2269 993 2293 novas
1013 2256 1234 2293 stimulatus
1259 2267 1424 2305 regnum
1442 2255 1591 2291 Romae
1611 2265 1730 2289 occu-2

290 2316 360 2360 pat
379 2309 397 2360 (
412 2309 500 2360 18).
557 2322 659 2353 anno
682 2312 904 2362 insequenti
925 2311 1030 2362 (307
1039 2311 1057 2362 )
1088 2325 1179 2348 cum
1206 2310 1256 2348 ad
1285 2324 1377 2347 eum
1397 2308 1605 2361 tymnnide
1626 2307 1729 2348 deii-

292 2365 476 2403 ciendum
506 2366 671 2403 Severus
698 2367 841 2404 Caesar
863 2369 905 2404 in
929 2368 1085 2404 Italiam
1111 2369 1220 2404 iussu
1249 2367 1395 2403 Galerii
1425 2365 1645 2416 profectus,
1685 2377 1728 2400 ro

290 2423 396 2459 male
416 2428 537 2472 gesta,
564 2422 769 2465 moenibus
787 2424 996 2463 Ravennae
1013 2437 1054 2460 se
1075 2422 1317 2470 defensaret,
1347 2435 1370 2461 a
1390 2422 1630 2461 Maximiano
1649 2418 1728 2456 fide

293 2476 384 2514 data
401 2477 585 2528 deceptus
605 2478 797 2516 occubuit.
855 2490 932 2529 quo
957 2479 1060 2516 facto
1079 2479 1345 2515 Maximianus
1377 2490 1509 2514 amore
1533 2476 1644 2526 regni
1661 2477 1727 2511 in-

293 2546 452 2581 census,
494 2535 629 2572 relicto
647 2534 846 2572 Maxentio
865 2534 944 2570 filio
959 2563 969 2580 ‚
1013 2533 1064 2571 ad
1078 2535 1366 2571 Diocletianum
1382 2547 1424 2574 se
1445 2532 1595 2569 confert
1613 2537 1652 2567 et
1676 2529 1728 2567 ad

293 2588 574 2639 capessendam
599 2591 741 2627 iterum
761 2602 844 2626 rem
864 2590 1063 2640 publicam
1082 2603 1173 2627 eum
1191 2591 1369 2627 concitat.
1427 2601 1504 2639 quo
1525 2592 1728 2624 aversante

292 2639 449 2701 imperii
468 2647 629 2695 molem,
648 2646 914 2684 Maximianus
933 2644 984 2682 ad
1003 2647 1301 2688 Constantinum
1321 2645 1498 2682 inGallia
1519 2642 1728 2692 degentem

292 2712 334 2738 se
360 2703 506 2756 recepit
527 2702 587 2755 (c.
610 2701 708 2754 10),
746 2702 903 2741 Galerio
919 2702 1078 2743 interim
1097 2703 1334 2755 suscipiente
1354 2699 1542 2740 adversus
1558 2700 1727 2736 Maxen-
