1734 3002
73 1920 112 1952 p,

136 1917 160 1941 V

165 118 248 159 vni
701 110 1061 160 REITEMEIERI

167 239 358 271 memorat
384 234 565 285 inprimis
591 232 800 284 diligenter
820 245 866 270 ea
886 244 987 284 quae
1006 243 1029 268 a
1047 229 1299 270 Constantino
1317 233 1461 265 novata
1477 232 1516 264 et
1534 226 1597 263 in-

169 302 302 338 stituta
331 308 444 349 sunt,
480 314 563 340 r-em
589 301 822 348 militarem,
850 300 1149 350 magistratuum
1180 295 1502 346 descriptionem,
1533 306 1599 331 sa-

169 381 323 410 crorum
342 369 451 416 ritus,
479 376 668 420 tanquam
688 366 900 419 primordia
918 378 1046 403 rerum
1063 364 1361 408 inclinatarum3
1393 368 1431 398 et
1450 367 1599 399 mutata

170 447 192 473 a
210 433 434 474 Theodosio
460 449 549 472 cum
569 436 665 482 alia,
694 442 779 473 tum
800 434 911 483 regni
931 434 1033 474 inter
1049 430 1148 470 filios
1173 431 1420 480 partitionem
1441 428 1600 475 factam,

169 508 212 538 ut
242 503 465 551 proximam
491 504 638 539 ruentis
667 502 722 538 rei
752 501 932 551 publicae
964 511 1143 546 causam,
1180 503 1270 533 ante
1304 495 1438 533 oculos
1475 494 1601 544 ponit.

169 580 335 619 quarum
354 582 484 605 rerum
505 571 577 606 etsi
598 582 672 606 nec
692 581 793 605 uuus
810 579 939 617 neque
959 566 1052 603 satis
1078 564 1243 607 disertus
1264 564 1314 601 sit
1332 562 1511 598 Zosimus
1530 573 1603 596 au-

170 641 275 683 ctor,
306 635 453 678 multae
471 643 603 678 tamen
624 634 675 672 ad
697 633 902 672 historiam
920 634 1065 671 saeculi
1086 632 1212 684 quarti
1231 637 1269 667 et
1284 629 1411 682 quinti
1430 628 1602 670 ineuntis

168 703 407 753 pertinentes
432 715 578 754 eaeque
606 703 773 739 maximi
799 701 988 737 momenti
1005 713 1066 737 res
1082 700 1123 735 in
1142 711 1188 735 eo
1207 698 1473 743 continentur,
1503 706 1602 744 quae

170 776 238 806 aut
264 768 415 807 diversa
438 776 476 810 et
497 769 738 820 discrepante
759 769 906 810 ratione
926 767 973 803 ab
993 766 1078 803 aliis
1104 765 1304 815 expositae
1326 769 1415 800 suut
1428 791 1439 809 ,
1469 768 1535 798 aut
1554 761 1602 798 ab

171 836 261 873 aliis
278 839 444 880 omissae
461 835 637 887 adeoque
656 837 724 877 uni
745 836 892 878 auctori
911 835 1067 875 Zosimo
1086 831 1252 870 debitae.
1311 828 1604 873 commendatur

171 910 372 954 praeterea
397 905 519 954 ipsius
547 902 709 940 historia
734 916 815 940 non
834 900 951 939 modo
971 912 1104 937 rerum
1121 897 1352 935 traditarum
1366 897 1541 934 ubertate
1566 902 1606 934 et

172 971 361 1018 utilitate,
403 983 540 1007 venun
568 971 685 1007 etiam
716 970 763 1006 ab
794 969 959 1006 auctoris
988 966 1150 1004 consilio
1179 976 1314 1002 causas
1342 965 1399 1001 rei
1425 964 1604 1015 publicae

172 1051 331 1079 eversae
365 1036 587 1089 aperiendir,
627 1050 699 1073 nec
735 1034 954 1087 spernenda
986 1033 1172 1071 orationis
1199 1031 1459 1078 concinnitas,
1497 1032 1606 1070 euius

173 1104 335 1143 laudem
362 1106 497 1142 abesse
525 1117 547 1142 a
575 1103 782 1147 virtutibus
804 1105 1035 1153 scriptorum
1055 1099 1280 1150 aequalium
1298 1099 1447 1137 Zosimi
1466 1097 1608 1148 depre-

173 1168 398 1209 hendimus.
457 1172 598 1223 quibus
626 1171 863 1213 ornamentis
884 1181 973 1210 cum
995 1165 1157 1209 historia
1178 1165 1326 1207 Zosimi
1345 1177 1387 1201 se
1407 1177 1608 1201 commenfl

176 1235 242 1273 det
254 1266 264 1285 ,
293 1238 454 1281 laudem
472 1252 584 1282 suam
601 1237 709 1275 haud
727 1237 896 1275 servavit
913 1237 1105 1284 integram
1126 1239 1164 1274 et
1180 1232 1393 1278 illibatam,
1425 1232 1608 1282 quoniam

174 1302 314 1347 incidit
332 1306 374 1340 in
393 1313 561 1342 aetatem
585 1306 822 1356 religionum
844 1300 983 1342 studiis
1003 1299 1180 1351 odiisque
1205 1300 1405 1349 agitatam.
1462 1297 1609 1338 iudices

177 1371 283 1413 enim
312 1372 395 1408 eius
423 1379 461 1409 et
488 1379 638 1410 veteres
667 1379 705 1408 et
729 1370 962 1411 recentiores
989 1379 1080 1407 cum
1107 1366 1340 1421 plerumque
1371 1366 1413 1401 in
1445 1377 1536 1407 eum
1566 1371 1610 1402 ut

177 1444 398 1475 aversatum
433 1451 541 1482 sacra
574 1438 883 1478 Christianorum
919 1433 1082 1475 infensis
1108 1438 1237 1469 essent
1265 1431 1428 1479 animi-5,
1463 1431 1611 1470 factum

177 1503 271 1540 inde
292 1512 350 1542 est
368 1513 411 1542 ut
434 1506 538 1557 apud
558 1520 623 1543 eos
646 1504 817 1547 hominis
835 1505 935 1543 sicut
957 1500 1138 1550 religioni
1153 1500 1348 1549 ipsorum,
1377 1498 1432 1539 ita
1459 1499 1612 1539 veritati

178 1571 312 1615 infesti
332 1580 369 1614 et
386 1574 536 1615 inimici
552 1572 742 1614 iudicium
758 1577 970 1620 notamque
990 1567 1150 1607 subiret.
1207 1577 1327 1616 quam
1343 1563 1503 1616 quidem
1521 1578 1613 1605 sen-

178 1640 342 1678 teutiam
372 1652 394 1676 a
423 1641 571 1677 ratione
604 1652 684 1681 non
709 1639 840 1678 minus
862 1647 982 1687 quam
1000 1633 1047 1676 ab
1065 1633 1258 1684 aequitate
1280 1629 1553 1673 abhorrentem.
1572 1638 1615 1675 ut

179 1704 446 1744 condonamus
464 1707 512 1743 iis
533 1706 722 1748 aetatibus
735 1733 747 1753 ,
775 1706 818 1743 in
841 1703 982 1754 quibus
998 1700 1234 1750 religionum
1251 1697 1382 1736 studia
1404 1705 1442 1737 et
1463 1697 1553 1738 odia
1571 1700 1614 1738 in

179 1784 242 1808 res
258 1772 469 1824 literasque
486 1773 532 1816 ab
551 1775 600 1810 iis
618 1771 876 1814 alienissimas
894 1768 1114 1808 inferebant
1129 1764 1328 1813 homines,
1357 1766 1410 1806 ita
1433 1763 1615 1804 dedecori

178 1837 264 1874 fore
294 1839 527 1882 arbitramur
557 1840 698 1878 nostris
724 1837 888 1884 secuIiS,
920 1848 1020 1887 quae
1039 1832 1090 1870 ad
1112 1846 1240 1875 rerum¹
1260 1838 1418 1874 naturas
1438 1838 1476 1868 et
1497 1844 1615 1882 argu-

182 1911 335 1953 menta,
366 1919 446 1949 non
474 1906 526 1949 ad
548 1905 755 1949 hominum
778 1903 1042 1956 professiones
1063 1907 1101 1942 et
1119 1901 1322 1951 opiniones
1339 1899 1530 1948 respicere
1550 1900 1616 1934 iu-

178 1971 287 2009 bent.
346 1972 530 2013 reddetur
561 1975 680 2024 igitur
708 1973 867 2013 Zosimo
890 1970 977 2006 laus
999 1980 1069 2006 sua
1088 1974 1126 2004 et
1143 1967 1372 2012 auctoritas,
1404 1963 1616 2007 dummodo

180 2037 367 2074 accedant
398 2038 449 2075 ad
477 2041 560 2077 eius
588 2038 791 2077 historiam
811 2038 975 2074 lectores
997 2035 1066 2088 qui
1085 2031 1166 2074 odii
1183 2033 1225 2073 in
1246 2043 1336 2072 eum
1359 2037 1397 2067 et
1413 2030 1617 2080 praeiudi-

181 2111 291 2145 eatae
321 2107 514 2155 opinionis
539 2111 742 2155 expertes,
772 2102 906 2145 habita
932 2112 1085 2146 rerum,
1114 2110 1195 2139 non,
1223 2098 1424 2148 religionis
1451 2100 1615 2147 ratione,

186 2170 236 2208 de
253 2173 459 2215 virtutibus
479 2185 523 2209 ac
542 2171 618 2209 fide
638 2173 722 2211 eius
745 2172 893 2210 iustum
911 2174 948 2204 et
967 2178 1135 2218 aequum
1152 2165 1253 2201 ferre
1274 2162 1466 2203 iudicium
1481 2165 1617 2206 velint,

184 2238 295 2275 fuere
316 2239 397 2275 iam
419 2245 507 2275 aute
527 2252 590 2280 me
617 2240 685 2289 qui
709 2238 861 2287 cognita
882 2234 1066 2272 historiae
1089 2234 1293 2272 Zosimeae
1311 2233 1547 2281 praestantia
1569 2231 1618 2272 ab

185 2306 340 2346 iniuriis
370 2312 567 2343 auctorem
591 2303 787 2344 vindicare
810 2310 848 2339 et
869 2301 1087 2343 calumniae
1115 2299 1311 2339 maculam
1332 2298 1379 2334 ab
1403 2311 1449 2334 ea
1469 2299 1620 2339 abster-

187 2384 282 2421 gere
309 2379 560 2420 conarentur,
588 2373 799 2422 mitiusque
825 2376 863 2406 et
886 2368 1116 2408 clementius
1145 2364 1192 2401 de
1225 2366 1308 2401 eius
1333 2363 1410 2401 fide
1430 2363 1620 2403 iudicium

191 2439 233 2474 in
255 2439 430 2480 medinm
447 2439 683 2490 proferrent:
713 2448 851 2473 verum
875 2446 992 2486 opera
1012 2445 1146 2470 eorum
1166 2444 1239 2468 uec
1257 2431 1349 2471 satis
1366 2433 1467 2473 iuter
1485 2444 1621 2472 omnes

192 2505 351 2553 vulgata
370 2505 490 2543 fuisse
508 2517 580 2541 nec
599 2504 835 2543 auctoritatis
856 2493 952 2544 latis
973 2498 1024 2541 ad
1041 2488 1418 2547 hominumanimos
1436 2496 1621 2538 habuisse

196 2570 368 2620 videtur,
400 2579 442 2610 ut
461 2571 558 2613 adeo
571 2600 581 2619 ‚
610 2572 644 2608 si
664 2570 711 2611 ab
728 2569 941 2624 opprobriis
959 2565 1131 2616 indIgnis
1150 2577 1240 2604 eum
1257 2566 1350 2605 satis
1368 2562 1527 2615 quidam
1547 2576 1623 2613 pu—

197 2647 279 2678 tent
301 2640 506 2678 defensum
526 2645 564 2675 et
579 2635 839 2684 vindicatum,
873 2637 940 2672 alii
960 2634 1161 2671 obstinatis
1183 2633 1404 2681 aversisque
1424 2631 1564 2669 animis
1581 2631 1623 2666 iu

195 2709 358 2758 pristina
390 2708 570 2763 opinione
599 2705 807 2760 persistant
829 2710 866 2744 et
887 2702 935 2745 de
957 2704 1039 2743 eius
1059 2699 1134 2741 lide
1155 2711 1265 2742 secus
1286 2698 1427 2739 sentire
1446 2702 1622 2753 pergant.
