<?xml version="1.0" encoding="UTF-8"?>
<!DOCTYPE html PUBLIC "-//W3C//DTD XHTML 1.0 Transitional//EN"
    "http://www.w3.org/TR/xhtml1/DTD/xhtml1-transitional.dtd">
<html xmlns="http://www.w3.org/1999/xhtml" xml:lang="en" lang="en">
 <head>
  <title>
</title>
<meta http-equiv="Content-Type" content="text/html;charset=utf-8" />
  <meta name='ocr-system' content='tesseract 3.04.00' />
  <meta name='ocr-capabilities' content='ocr_page ocr_carea ocr_par ocr_line ocrx_word'/>
</head>
<body>
  <div class='ocr_page' id='page_1' title='image "./corpusscriptorum50niebuoft_0262.png"; bbox 0 0 1812 3016; ppageno 0'>
   <div class='ocr_carea' id='block_1_1' title="bbox 250 93 1063 152">
    <p class='ocr_par' dir='ltr' id='par_1_1' title="bbox 250 93 1063 152">
     <span class='ocr_line' id='line_1_1' title="bbox 250 93 1063 152; baseline -0.009 -8"><span class='ocrx_word' id='word_1_1' title='bbox 250 95 358 152; x_wconf 21' lang='lat'><strong>216,</strong></span> <span class='ocrx_word' id='word_1_2' title='bbox 868 93 1063 139; x_wconf 86' lang='lat' dir='ltr'>ZOSIMI</span> 
     </span>
    </p>
   </div>
   <div class='ocr_carea' id='block_1_2' title="bbox 252 200 1763 1681">
    <p class='ocr_par' dir='ltr' id='par_1_2' title="bbox 252 200 1763 1681">
     <span class='ocr_line' id='line_1_2' title="bbox 387 200 1689 263; baseline -0.005 -11"><span class='ocrx_word' id='word_1_3' title='bbox 387 207 464 253; x_wconf 83' lang='grc'><strong>36.</strong></span> <span class='ocrx_word' id='word_1_4' title='bbox 522 205 654 258; x_wconf 60' lang='lat' dir='ltr'><strong>&#39;Agame</strong></span> <span class='ocrx_word' id='word_1_5' title='bbox 691 205 736 250; x_wconf 74' lang='grc' dir='ltr'><strong>δὲ</strong></span> <span class='ocrx_word' id='word_1_6' title='bbox 770 211 849 250; x_wconf 81' lang='grc' dir='ltr'><strong>τῶν</strong></span> <span class='ocrx_word' id='word_1_7' title='bbox 887 205 1176 263; x_wconf 70' lang='grc' dir='ltr'><strong><em>ἱστορουμένων</em></strong></span> <span class='ocrx_word' id='word_1_8' title='bbox 1205 222 1243 248; x_wconf 91' lang='grc' dir='ltr'><strong>τι</strong></span> <span class='ocrx_word' id='word_1_9' title='bbox 1271 204 1329 260; x_wconf 77' lang='grc' dir='ltr'><strong><em>μὴ</em></strong></span> <span class='ocrx_word' id='word_1_10' title='bbox 1359 200 1593 262; x_wconf 77' lang='grc' dir='ltr'><strong><em>παραλιπεῖν</em></strong></span> <span class='ocrx_word' id='word_1_11' title='bbox 1617 205 1689 256; x_wconf 81' lang='grc' dir='ltr'><strong>τῆς</strong></span> 
     </span>
     <span class='ocr_line' id='line_1_3' title="bbox 253 269 1690 334; baseline -0.006 -15"><span class='ocrx_word' id='word_1_12' title='bbox 253 275 457 334; x_wconf 58' lang='grc' dir='ltr'><strong><em>παρούσης</em></strong></span> <span class='ocrx_word' id='word_1_13' title='bbox 480 274 715 332; x_wconf 75' lang='grc' dir='ltr'><em>ἀφηγήσεως</em></span> <span class='ocrx_word' id='word_1_14' title='bbox 740 274 812 317; x_wconf 77' lang='grc' dir='ltr'><strong><em>οὔκ</em></strong></span> <span class='ocrx_word' id='word_1_15' title='bbox 839 273 1058 331; x_wconf 79' lang='grc' dir='ltr'><strong><em>ἀλλότριον.</em></strong></span> <span class='ocrx_word' id='word_1_16' title='bbox 1129 275 1170 316; x_wconf 75' lang='grc' dir='ltr'><strong><em>ἓν</em></strong></span> <span class='ocrx_word' id='word_1_17' title='bbox 1196 280 1278 323; x_wconf 79' lang='grc' dir='ltr'><strong><em>τοῖς</em></strong></span> <span class='ocrx_word' id='word_1_18' title='bbox 1305 273 1407 316; x_wconf 80' lang='grc' dir='ltr'><strong><em>κατὰ</em></strong></span> <span class='ocrx_word' id='word_1_19' title='bbox 1437 272 1510 326; x_wconf 83' lang='grc' dir='ltr'><strong>τὴν</strong></span> <span class='ocrx_word' id='word_1_20' title='bbox 1533 269 1690 325; x_wconf 81' lang='grc' dir='ltr'><em>Ῥώμην</em></span> 
     </span>
     <span class='ocr_line' id='line_1_4' title="bbox 252 339 1690 401; baseline -0.006 -14"><span class='ocrx_word' id='word_1_21' title='bbox 252 345 462 401; x_wconf 77' lang='grc' dir='ltr'><strong><em>ἱερατικοῖς</em></strong></span> <span class='ocrx_word' id='word_1_22' title='bbox 481 345 628 386; x_wconf 79' lang='grc' dir='ltr'><strong><em>τέλεσιν</em></strong></span> <span class='ocrx_word' id='word_1_23' title='bbox 647 342 788 400; x_wconf 62' lang='grc' dir='ltr'><strong><em>ἔφερον</em></strong></span> <span class='ocrx_word' id='word_1_24' title='bbox 811 343 847 384; x_wconf 78' lang='grc' dir='ltr'><strong><em>οἱ</em></strong></span> <span class='ocrx_word' id='word_1_25' title='bbox 869 344 1093 399; x_wconf 77' lang='grc' dir='ltr'><strong><em>ποντίφικες</em></strong></span> <span class='ocrx_word' id='word_1_26' title='bbox 1110 342 1160 383; x_wconf 82' lang='grc' dir='ltr'><strong>τὰ</strong></span> <span class='ocrx_word' id='word_1_27' title='bbox 1177 345 1330 398; x_wconf 85' lang='grc' dir='ltr'><strong><em>πρῶτα.</em></strong></span> <span class='ocrx_word' id='word_1_28' title='bbox 1382 339 1547 389; x_wconf 73' lang='grc' dir='ltr'><strong><em>τούτους</em></strong></span> <span class='ocrx_word' id='word_1_29' title='bbox 1564 355 1690 395; x_wconf 76' lang='grc' dir='ltr'><strong><em>γεφυ-</em></strong></span> 
     </span>
     <span class='ocr_line' id='line_1_5' title="bbox 254 405 1691 468; baseline -0.005 -14"><span class='ocrx_word' id='word_1_30' title='bbox 254 413 391 468; x_wconf 87' lang='grc' dir='ltr'><strong><em>ραίους</em></strong></span> <span class='ocrx_word' id='word_1_31' title='bbox 411 411 461 453; x_wconf 76' lang='grc' dir='ltr'><strong><em>ἄν</em></strong></span> <span class='ocrx_word' id='word_1_32' title='bbox 483 428 543 461; x_wconf 89' lang='grc' dir='ltr'><strong>τις</strong></span> <span class='ocrx_word' id='word_1_33' title='bbox 563 412 781 461; x_wconf 71' lang='grc' dir='ltr'><strong><em>καλέσειεν,</em></strong></span> <span class='ocrx_word' id='word_1_34' title='bbox 822 413 855 452; x_wconf 75' lang='grc' dir='ltr'><strong>εἰ</strong></span> <span class='ocrx_word' id='word_1_35' title='bbox 879 411 980 467; x_wconf 86' lang='grc' dir='ltr'><strong><em>πρὸς</em></strong></span> <span class='ocrx_word' id='word_1_36' title='bbox 1006 407 1266 463; x_wconf 73' lang='grc' dir='ltr'><strong><em>τὴνἙλλάδα</em></strong></span> <span class='ocrx_word' id='word_1_37' title='bbox 1288 408 1426 465; x_wconf 79' lang='grc' dir='ltr'><strong><em>φωνὴν</em></strong></span> <span class='ocrx_word' id='word_1_38' title='bbox 1446 405 1471 462; x_wconf 75' lang='grc' dir='ltr'>ἡ</span> <span class='ocrx_word' id='word_1_39' title='bbox 1491 422 1691 463; x_wconf 81' lang='grc' dir='ltr'><strong><em>προσηγο-</em></strong></span> 
     </span>
     <span class='ocr_line' id='line_1_6' title="bbox 254 475 1729 536; baseline -0.002 -16"><span class='ocrx_word' id='word_1_40' title='bbox 254 482 322 536; x_wconf 85' lang='grc' dir='ltr'><strong><em>ρία</em></strong></span> <span class='ocrx_word' id='word_1_41' title='bbox 360 480 624 534; x_wconf 74' lang='grc' dir='ltr'><strong><em>μετενεχθείη.</em></strong></span> <span class='ocrx_word' id='word_1_42' title='bbox 691 477 838 531; x_wconf 78' lang='grc' dir='ltr'><strong><em>ταύτης</em></strong></span> <span class='ocrx_word' id='word_1_43' title='bbox 874 479 918 520; x_wconf 73' lang='grc' dir='ltr'><strong>δὲ</strong></span> <span class='ocrx_word' id='word_1_44' title='bbox 955 477 1091 532; x_wconf 68' lang='grc' dir='ltr'><strong><em>ἔτυχον</em></strong></span> <span class='ocrx_word' id='word_1_45' title='bbox 1123 482 1194 530; x_wconf 83' lang='grc' dir='ltr'><strong>τῆς</strong></span> <span class='ocrx_word' id='word_1_46' title='bbox 1231 476 1468 530; x_wconf 74' lang='grc' dir='ltr'><strong><em>ἐπικλήσεως</em></strong></span> <span class='ocrx_word' id='word_1_47' title='bbox 1495 475 1536 524; x_wconf 78' lang='grc' dir='ltr'><strong>ἐξ</strong></span> <span class='ocrx_word' id='word_1_48' title='bbox 1562 475 1691 522; x_wconf 78' lang='grc' dir='ltr'><strong><em>αἰτίας</em></strong></span> <span class='ocrx_word' id='word_1_49' title='bbox 1704 482 1729 517; x_wconf 82' lang='lat'>5</span> 
     </span>
     <span class='ocr_line' id='line_1_7' title="bbox 253 540 1693 602; baseline -0.005 -13"><span class='ocrx_word' id='word_1_50' title='bbox 253 549 426 589; x_wconf 79' lang='grc' dir='ltr'><strong><em>τοιᾶσδε.</em></strong></span> <span class='ocrx_word' id='word_1_51' title='bbox 494 550 574 588; x_wconf 82' lang='grc' dir='ltr'><strong>τῶν</strong></span> <span class='ocrx_word' id='word_1_52' title='bbox 603 545 830 602; x_wconf 75' lang='grc' dir='ltr'><strong><em>ἀνθρώπων</em></strong></span> <span class='ocrx_word' id='word_1_53' title='bbox 857 545 1012 587; x_wconf 76' lang='grc' dir='ltr'><strong><em>οὐδέπω</em></strong></span> <span class='ocrx_word' id='word_1_54' title='bbox 1042 545 1116 598; x_wconf 76' lang='grc' dir='ltr'><strong>τὴν</strong></span> <span class='ocrx_word' id='word_1_55' title='bbox 1145 545 1213 586; x_wconf 76' lang='grc' dir='ltr'><strong>διὰ</strong></span> <span class='ocrx_word' id='word_1_56' title='bbox 1240 548 1318 587; x_wconf 84' lang='grc' dir='ltr'><strong>τῶν</strong></span> <span class='ocrx_word' id='word_1_57' title='bbox 1350 540 1589 598; x_wconf 77' lang='grc' dir='ltr'><strong><em>ἀγαλμάτων</em></strong></span> <span class='ocrx_word' id='word_1_58' title='bbox 1609 542 1693 583; x_wconf 75' lang='grc' dir='ltr'><strong><em>ε’πι-</em></strong></span> 
     </span>
     <span class='ocr_line' id='line_1_8' title="bbox 257 610 1696 671; baseline -0.004 -15"><span class='ocrx_word' id='word_1_59' title='bbox 257 615 461 668; x_wconf 78' lang='grc' dir='ltr'><strong><em>σταμένων</em></strong></span> <span class='ocrx_word' id='word_1_60' title='bbox 487 612 626 668; x_wconf 81' lang='grc' dir='ltr'><strong><em>τιμήν,</em></strong></span> <span class='ocrx_word' id='word_1_61' title='bbox 669 615 710 656; x_wconf 75' lang='grc' dir='ltr'><strong><em>ἓν</em></strong></span> <span class='ocrx_word' id='word_1_62' title='bbox 731 613 934 671; x_wconf 76' lang='grc' dir='ltr'><strong><em>Θεσσαλίᾳ</em></strong></span> <span class='ocrx_word' id='word_1_63' title='bbox 955 617 1111 669; x_wconf 79' lang='grc' dir='ltr'><strong><em>πρῶτον</em></strong></span> <span class='ocrx_word' id='word_1_64' title='bbox 1145 610 1448 667; x_wconf 73' lang='grc' dir='ltr'><strong><em>ε’δημιουργήθη</em></strong></span> <span class='ocrx_word' id='word_1_65' title='bbox 1480 613 1586 652; x_wconf 70' lang='grc' dir='ltr'><strong><em>θεῶν</em></strong></span> <span class='ocrx_word' id='word_1_66' title='bbox 1615 610 1696 650; x_wconf 74' lang='grc' dir='ltr'><strong><em>δεί-</em></strong></span> 
     </span>
     <span class='ocr_line' id='line_1_9' title="bbox 259 674 1695 736; baseline -0.004 -13"><span class='ocrx_word' id='word_1_67' title='bbox 259 686 373 736; x_wconf 86' lang='grc' dir='ltr'><strong><em>κηλα.</em></strong></span> <span class='ocrx_word' id='word_1_68' title='bbox 442 681 544 723; x_wconf 53' lang='lat' dir='ltr'><strong>{Aah</strong></span> <span class='ocrx_word' id='word_1_69' title='bbox 564 682 607 723; x_wconf 78' lang='grc' dir='ltr'><strong>δὲ</strong></span> <span class='ocrx_word' id='word_1_70' title='bbox 626 680 698 723; x_wconf 82' lang='grc' dir='ltr'><strong><em>οὖκ</em></strong></span> <span class='ocrx_word' id='word_1_71' title='bbox 719 679 842 723; x_wconf 71' lang='grc' dir='ltr'><strong><em>ὄντων</em></strong></span> <span class='ocrx_word' id='word_1_72' title='bbox 862 680 1082 735; x_wconf 76' lang='grc' dir='ltr'><strong><em>(ἄγνωστος</em></strong></span> <span class='ocrx_word' id='word_1_73' title='bbox 1100 680 1178 736; x_wconf 79' lang='grc' dir='ltr'><strong>γὰρ</strong></span> <span class='ocrx_word' id='word_1_74' title='bbox 1197 675 1246 733; x_wconf 73' lang='grc' dir='ltr'><strong><em>ἦν</em></strong></span> <span class='ocrx_word' id='word_1_75' title='bbox 1264 681 1330 721; x_wconf 85' lang='grc' dir='ltr'><strong><em>καὶ</em></strong></span> <span class='ocrx_word' id='word_1_76' title='bbox 1349 677 1500 722; x_wconf 72' lang='grc' dir='ltr'><strong><em>τούτων</em></strong></span> <span class='ocrx_word' id='word_1_77' title='bbox 1519 674 1544 730; x_wconf 76' lang='grc' dir='ltr'><em>ἦ</em></span> <span class='ocrx_word' id='word_1_78' title='bbox 1559 675 1695 733; x_wconf 88' lang='grc' dir='ltr'><strong><em>χρεία)</em></strong></span> 
     </span>
     <span class='ocr_line' id='line_1_10' title="bbox 259 741 1699 804; baseline -0.005 -13"><span class='ocrx_word' id='word_1_79' title='bbox 259 750 308 792; x_wconf 80' lang='grc' dir='ltr'><strong>τὰ</strong></span> <span class='ocrx_word' id='word_1_80' title='bbox 334 753 413 791; x_wconf 82' lang='grc' dir='ltr'><strong>τῶν</strong></span> <span class='ocrx_word' id='word_1_81' title='bbox 429 753 537 790; x_wconf 70' lang='grc' dir='ltr'><strong><em>θεῶν</em></strong></span> <span class='ocrx_word' id='word_1_82' title='bbox 558 748 822 802; x_wconf 75' lang='grc' dir='ltr'><strong><em>ἕκτυπώματα</em></strong></span> <span class='ocrx_word' id='word_1_83' title='bbox 842 752 890 804; x_wconf 83' lang='grc' dir='ltr'><strong>τῇ</strong></span> <span class='ocrx_word' id='word_1_84' title='bbox 912 748 1014 789; x_wconf 84' lang='grc' dir='ltr'><strong><em>κατὰ</em></strong></span> <span class='ocrx_word' id='word_1_85' title='bbox 1035 748 1104 790; x_wconf 80' lang='grc' dir='ltr'><strong>τὸν</strong></span> <span class='ocrx_word' id='word_1_86' title='bbox 1122 747 1296 801; x_wconf 85' lang='grc' dir='ltr'><strong><em>Πηνειὸν</em></strong></span> <span class='ocrx_word' id='word_1_87' title='bbox 1321 741 1478 804; x_wconf 67' lang='grc' dir='ltr'><strong><em>γεφύρᾳ</em></strong></span> <span class='ocrx_word' id='word_1_88' title='bbox 1497 746 1699 800; x_wconf 71' lang='grc' dir='ltr'><strong><em>καθίδρυ-</em></strong></span> 
     </span>
     <span class='ocr_line' id='line_1_11' title="bbox 261 809 1755 872; baseline -0.002 -14"><span class='ocrx_word' id='word_1_89' title='bbox 261 833 357 867; x_wconf 87' lang='grc' dir='ltr'><strong><em>σαν,</em></strong></span> <span class='ocrx_word' id='word_1_90' title='bbox 391 817 484 866; x_wconf 80' lang='grc' dir='ltr'><strong><em>τοὺς</em></strong></span> <span class='ocrx_word' id='word_1_91' title='bbox 505 817 692 872; x_wconf 72' lang='grc' dir='ltr'><strong><em>ἱερᾶσθαι</em></strong></span> <span class='ocrx_word' id='word_1_92' title='bbox 714 822 797 867; x_wconf 88' lang='grc' dir='ltr'><strong><em>τοῖς</em></strong></span> <span class='ocrx_word' id='word_1_93' title='bbox 817 820 928 866; x_wconf 74' lang='grc' dir='ltr'><strong><em>θεοῖς</em></strong></span> <span class='ocrx_word' id='word_1_94' title='bbox 950 813 1143 869; x_wconf 76' lang='grc' dir='ltr'><strong><em>λαχόντας</em></strong></span> <span class='ocrx_word' id='word_1_95' title='bbox 1164 817 1207 857; x_wconf 71' lang='grc' dir='ltr'><strong>ἐκ</strong></span> <span class='ocrx_word' id='word_1_96' title='bbox 1227 819 1298 868; x_wconf 81' lang='grc' dir='ltr'><strong>τῆς</strong></span> <span class='ocrx_word' id='word_1_97' title='bbox 1317 813 1477 870; x_wconf 81' lang='grc' dir='ltr'><strong><em>πρώτης</em></strong></span> <span class='ocrx_word' id='word_1_98' title='bbox 1495 809 1697 867; x_wconf 73' lang='grc' dir='ltr'><strong><em>καθιδρῦ-</em></strong></span> <span class='ocrx_word' id='word_1_99' title='bbox 1711 821 1755 855; x_wconf 84' lang='grc'><strong>10</strong></span> 
     </span>
     <span class='ocr_line' id='line_1_12' title="bbox 262 877 1699 940; baseline -0.003 -15"><span class='ocrx_word' id='word_1_100' title='bbox 262 900 361 933; x_wconf 85' lang='grc' dir='ltr'><strong><em>σεως</em></strong></span> <span class='ocrx_word' id='word_1_101' title='bbox 378 885 618 940; x_wconf 73' lang='grc' dir='ltr'><strong><em>γεφυραίους</em></strong></span> <span class='ocrx_word' id='word_1_102' title='bbox 636 883 954 937; x_wconf 77' lang='grc' dir='ltr'><strong><em>ἕξονομάσαντες.</em></strong></span> <span class='ocrx_word' id='word_1_103' title='bbox 998 887 1116 925; x_wconf 74' lang='grc' dir='ltr'><strong><em>τοῦτο</em></strong></span> <span class='ocrx_word' id='word_1_104' title='bbox 1139 881 1440 939; x_wconf 83' lang='grc' dir='ltr'><strong><em>παραλαβόντες</em></strong></span> <span class='ocrx_word' id='word_1_105' title='bbox 1460 879 1537 938; x_wconf 76' lang='grc' dir='ltr'><strong>ἀφ’</strong></span> <span class='ocrx_word' id='word_1_106' title='bbox 1556 877 1699 932; x_wconf 83' lang='grc' dir='ltr'><strong><em>Ἑλλή-</em></strong></span> 
     </span>
     <span class='ocr_line' id='line_1_13' title="bbox 261 946 1701 1007; baseline -0.004 -14"><span class='ocrx_word' id='word_1_107' title='bbox 261 968 339 994; x_wconf 80' lang='grc' dir='ltr'><strong>νων</strong></span> <span class='ocrx_word' id='word_1_108' title='bbox 361 949 549 1004; x_wconf 85' lang='grc' dir='ltr'><strong><em>Ῥωμαῖοι</em></strong></span> <span class='ocrx_word' id='word_1_109' title='bbox 579 952 674 1000; x_wconf 82' lang='grc' dir='ltr'><strong><em>τοὺς</em></strong></span> <span class='ocrx_word' id='word_1_110' title='bbox 710 950 871 1007; x_wconf 82' lang='grc' dir='ltr'><strong><em>πρώτην</em></strong></span> <span class='ocrx_word' id='word_1_111' title='bbox 899 951 971 1004; x_wconf 77' lang='grc' dir='ltr'><strong>τὴν</strong></span> <span class='ocrx_word' id='word_1_112' title='bbox 1002 949 1103 1005; x_wconf 77' lang='grc' dir='ltr'><strong><em>παρ’</em></strong></span> <span class='ocrx_word' id='word_1_113' title='bbox 1139 949 1274 1000; x_wconf 73' lang='grc' dir='ltr'><strong><em>αὐτοῖς</em></strong></span> <span class='ocrx_word' id='word_1_114' title='bbox 1310 948 1508 1006; x_wconf 78' lang='grc' dir='ltr'><strong><em>ἱερατικὴν</em></strong></span> <span class='ocrx_word' id='word_1_115' title='bbox 1541 946 1701 1002; x_wconf 59' lang='grc' dir='ltr'><strong><em>ἔχοντας</em></strong></span> 
     </span>
     <span class='ocr_line' id='line_1_14' title="bbox 262 1015 1702 1075; baseline -0.004 -14"><span class='ocrx_word' id='word_1_116' title='bbox 262 1017 374 1067; x_wconf 79' lang='grc' dir='ltr'><strong><em>τάξιν</em></strong></span> <span class='ocrx_word' id='word_1_117' title='bbox 394 1020 627 1075; x_wconf 85' lang='grc' dir='ltr'><strong><em>ποντίφικας</em></strong></span> <span class='ocrx_word' id='word_1_118' title='bbox 649 1017 992 1075; x_wconf 82' lang='grc' dir='ltr'><strong><em>προσηγόρευσαν·</em></strong></span> <span class='ocrx_word' id='word_1_119' title='bbox 1027 1015 1088 1068; x_wconf 78' lang='grc' dir='ltr'><strong>οἷς</strong></span> <span class='ocrx_word' id='word_1_120' title='bbox 1104 1021 1446 1073; x_wconf 70' lang='grc' dir='ltr'><strong><em>συναριθμεῖσθαι</em></strong></span> <span class='ocrx_word' id='word_1_121' title='bbox 1468 1015 1562 1065; x_wconf 78' lang='grc' dir='ltr'><strong><em>τοὺς</em></strong></span> <span class='ocrx_word' id='word_1_122' title='bbox 1579 1018 1702 1069; x_wconf 82' lang='grc' dir='ltr'><strong><em>βασι-</em></strong></span> 
     </span>
     <span class='ocr_line' id='line_1_15' title="bbox 264 1081 1702 1142; baseline -0.003 -14"><span class='ocrx_word' id='word_1_123' title='bbox 264 1087 356 1135; x_wconf 85' lang='grc' dir='ltr'><strong>λεάς</strong></span> <span class='ocrx_word' id='word_1_124' title='bbox 386 1086 453 1127; x_wconf 74' lang='grc' dir='ltr'><strong>διὰ</strong></span> <span class='ocrx_word' id='word_1_125' title='bbox 483 1086 528 1128; x_wconf 87' lang='grc' dir='ltr'><strong>τὸ</strong></span> <span class='ocrx_word' id='word_1_126' title='bbox 547 1090 618 1139; x_wconf 85' lang='grc' dir='ltr'><strong>τῆς</strong></span> <span class='ocrx_word' id='word_1_127' title='bbox 635 1085 747 1136; x_wconf 78' lang='grc' dir='ltr'><strong><em>ἀξίας</em></strong></span> <span class='ocrx_word' id='word_1_128' title='bbox 761 1084 949 1142; x_wconf 69' lang='grc' dir='ltr'><strong><em>ὑπερέχον</em></strong></span> <span class='ocrx_word' id='word_1_129' title='bbox 968 1086 1275 1139; x_wconf 69' lang='grc' dir='ltr'><strong><em>ἐνομοθέτησαν.</em></strong></span> <span class='ocrx_word' id='word_1_130' title='bbox 1344 1086 1410 1127; x_wconf 82' lang='grc' dir='ltr'><strong><em>καὶ</em></strong></span> <span class='ocrx_word' id='word_1_131' title='bbox 1429 1083 1538 1137; x_wconf 63' lang='grc' dir='ltr'><strong><em>ἔτυχε</em></strong></span> <span class='ocrx_word' id='word_1_132' title='bbox 1560 1081 1702 1124; x_wconf 72' lang='grc' dir='ltr'><strong><em>τούτου</em></strong></span> 
     </span>
     <span class='ocr_line' id='line_1_16' title="bbox 265 1149 1757 1210; baseline -0.002 -14"><span class='ocrx_word' id='word_1_133' title='bbox 265 1157 410 1206; x_wconf 83' lang='grc' dir='ltr'><strong><em>Νομᾶς</em></strong></span> <span class='ocrx_word' id='word_1_134' title='bbox 429 1154 657 1208; x_wconf 83' lang='grc' dir='ltr'><strong><em>Πομπίλιος</em></strong></span> <span class='ocrx_word' id='word_1_135' title='bbox 673 1158 842 1210; x_wconf 80' lang='grc' dir='ltr'><strong><em>πρῶτος,</em></strong></span> <span class='ocrx_word' id='word_1_136' title='bbox 874 1154 940 1195; x_wconf 80' lang='grc' dir='ltr'><strong><em>καὶ</em></strong></span> <span class='ocrx_word' id='word_1_137' title='bbox 959 1151 1102 1203; x_wconf 82' lang='grc' dir='ltr'><strong><em>πάντες</em></strong></span> <span class='ocrx_word' id='word_1_138' title='bbox 1120 1151 1223 1207; x_wconf 72' lang='grc' dir='ltr'><strong><em>ἑξῆς,</em></strong></span> <span class='ocrx_word' id='word_1_139' title='bbox 1259 1153 1300 1194; x_wconf 77' lang='grc' dir='ltr'><strong><em>οῗ</em></strong></span> <span class='ocrx_word' id='word_1_140' title='bbox 1313 1169 1354 1195; x_wconf 93' lang='grc' dir='ltr'><strong>τε</strong></span> <span class='ocrx_word' id='word_1_141' title='bbox 1375 1150 1575 1206; x_wconf 77' lang='grc' dir='ltr'><strong><em>λεγόμενοι</em></strong></span> <span class='ocrx_word' id='word_1_142' title='bbox 1589 1149 1704 1207; x_wconf 80' lang='grc' dir='ltr'><strong><em>ῥῆγες</em></strong></span> <span class='ocrx_word' id='word_1_143' title='bbox 1714 1156 1757 1193; x_wconf 84' lang='grc'><strong>15</strong></span> 
     </span>
     <span class='ocr_line' id='line_1_17' title="bbox 267 1217 1705 1274; baseline -0.003 -11"><span class='ocrx_word' id='word_1_144' title='bbox 267 1222 333 1263; x_wconf 85' lang='grc' dir='ltr'><strong><em>καὶ</em></strong></span> <span class='ocrx_word' id='word_1_145' title='bbox 358 1220 452 1274; x_wconf 71' lang='grc' dir='ltr'><strong><em>μετ’</em></strong></span> <span class='ocrx_word' id='word_1_146' title='bbox 485 1222 654 1270; x_wconf 71' lang='grc' dir='ltr'><strong><em>ἐκείνους</em></strong></span> <span class='ocrx_word' id='word_1_147' title='bbox 672 1219 932 1274; x_wconf 85' lang='grc' dir='ltr'><strong><em>Ὀκταβιανός</em></strong></span> <span class='ocrx_word' id='word_1_148' title='bbox 967 1237 1009 1263; x_wconf 86' lang='grc' dir='ltr'><strong>τε</strong></span> <span class='ocrx_word' id='word_1_149' title='bbox 1039 1220 1160 1270; x_wconf 75' lang='grc' dir='ltr'><strong><em>αὐτὸς</em></strong></span> <span class='ocrx_word' id='word_1_150' title='bbox 1184 1221 1250 1262; x_wconf 83' lang='grc' dir='ltr'><strong><em>καὶ</em></strong></span> <span class='ocrx_word' id='word_1_151' title='bbox 1275 1220 1315 1262; x_wconf 77' lang='grc' dir='ltr'><strong><em>οἱ</em></strong></span> <span class='ocrx_word' id='word_1_152' title='bbox 1341 1219 1431 1273; x_wconf 79' lang='grc' dir='ltr'><strong><em>μετ’</em></strong></span> <span class='ocrx_word' id='word_1_153' title='bbox 1462 1220 1606 1260; x_wconf 74' lang='grc' dir='ltr'><strong><em>ἐκεῖνον</em></strong></span> <span class='ocrx_word' id='word_1_154' title='bbox 1632 1217 1705 1271; x_wconf 84' lang='grc' dir='ltr'><strong>τὴν</strong></span> 
     </span>
     <span class='ocr_line' id='line_1_18' title="bbox 261 1286 1705 1344; baseline -0.002 -15"><span class='ocrx_word' id='word_1_155' title='bbox 261 1286 466 1341; x_wconf 82' lang='grc' dir='ltr'><strong><em>Ῥωμαίων</em></strong></span> <span class='ocrx_word' id='word_1_156' title='bbox 486 1287 759 1342; x_wconf 75' lang='grc' dir='ltr'><strong><em>διαδεξάμενοι</em></strong></span> <span class='ocrx_word' id='word_1_157' title='bbox 781 1289 1020 1344; x_wconf 75' lang='grc' dir='ltr'><strong><em>μοναρχίαν·</em></strong></span> <span class='ocrx_word' id='word_1_158' title='bbox 1065 1287 1151 1341; x_wconf 83' lang='grc' dir='ltr'><strong>ἅμα</strong></span> <span class='ocrx_word' id='word_1_159' title='bbox 1170 1288 1251 1344; x_wconf 68' lang='grc' dir='ltr'><strong>γὰρ</strong></span> <span class='ocrx_word' id='word_1_160' title='bbox 1270 1292 1326 1344; x_wconf 80' lang='grc' dir='ltr'><strong>τῷ</strong></span> <span class='ocrx_word' id='word_1_161' title='bbox 1347 1289 1594 1343; x_wconf 79' lang='grc' dir='ltr'><strong><em>παραλαβεῖν</em></strong></span> <span class='ocrx_word' id='word_1_162' title='bbox 1612 1286 1705 1327; x_wconf 71' lang='grc' dir='ltr'><strong><em>ἕκα-</em></strong></span> 
     </span>
     <span class='ocr_line' id='line_1_19' title="bbox 267 1354 1706 1411; baseline -0.002 -15"><span class='ocrx_word' id='word_1_163' title='bbox 267 1371 360 1396; x_wconf 87' lang='grc' dir='ltr'><strong><em>στον</em></strong></span> <span class='ocrx_word' id='word_1_164' title='bbox 388 1356 460 1408; x_wconf 74' lang='grc' dir='ltr'><strong>τὴν</strong></span> <span class='ocrx_word' id='word_1_165' title='bbox 485 1360 563 1397; x_wconf 82' lang='grc' dir='ltr'><strong>τῶν</strong></span> <span class='ocrx_word' id='word_1_166' title='bbox 590 1355 692 1397; x_wconf 80' lang='grc' dir='ltr'><strong><em>ὅλων</em></strong></span> <span class='ocrx_word' id='word_1_167' title='bbox 719 1355 844 1411; x_wconf 78' lang='grc' dir='ltr'><strong><em>ἀρχὴν</em></strong></span> <span class='ocrx_word' id='word_1_168' title='bbox 865 1354 890 1409; x_wconf 75' lang='grc' dir='ltr'>ἡ</span> <span class='ocrx_word' id='word_1_169' title='bbox 909 1355 1083 1411; x_wconf 80' lang='grc' dir='ltr'><strong><em>ἶερατικὴ</em></strong></span> <span class='ocrx_word' id='word_1_170' title='bbox 1102 1355 1225 1409; x_wconf 84' lang='grc' dir='ltr'><strong><em>στολὴ</em></strong></span> <span class='ocrx_word' id='word_1_171' title='bbox 1243 1355 1353 1410; x_wconf 81' lang='grc' dir='ltr'><strong><em>παρὰ</em></strong></span> <span class='ocrx_word' id='word_1_172' title='bbox 1370 1359 1449 1397; x_wconf 80' lang='grc' dir='ltr'><strong>τῶν</strong></span> <span class='ocrx_word' id='word_1_173' title='bbox 1467 1354 1706 1409; x_wconf 83' lang='grc' dir='ltr'><strong><em>ποντιφίκων</em></strong></span> 
     </span>
     <span class='ocr_line' id='line_1_20' title="bbox 267 1419 1706 1479; baseline -0.001 -17"><span class='ocrx_word' id='word_1_174' title='bbox 267 1421 376 1478; x_wconf 75' lang='grc' dir='ltr'><strong><em>αὐτῷ</em></strong></span> <span class='ocrx_word' id='word_1_175' title='bbox 398 1423 678 1478; x_wconf 72' lang='grc' dir='ltr'><strong><em>προσεφέρετο,</em></strong></span> <span class='ocrx_word' id='word_1_176' title='bbox 704 1423 770 1464; x_wconf 82' lang='grc' dir='ltr'><strong><em>καὶ</em></strong></span> <span class='ocrx_word' id='word_1_177' title='bbox 786 1427 1034 1479; x_wconf 83' lang='grc' dir='ltr'><strong><em>παραχρῆμα</em></strong></span> <span class='ocrx_word' id='word_1_178' title='bbox 1054 1423 1236 1478; x_wconf 83' lang='grc' dir='ltr'><strong><em>ποντίφιξ</em></strong></span> <span class='ocrx_word' id='word_1_179' title='bbox 1255 1420 1429 1476; x_wconf 76' lang='grc' dir='ltr'><strong><em>μᾶξιμος</em></strong></span> <span class='ocrx_word' id='word_1_180' title='bbox 1449 1419 1706 1478; x_wconf 77' lang='grc' dir='ltr'><strong><em>ἄνεγράφετο,</em></strong></span> 
     </span>
     <span class='ocr_line' id='line_1_21' title="bbox 269 1484 1763 1546; baseline -0.001 -16"><span class='ocrx_word' id='word_1_181' title='bbox 269 1487 366 1544; x_wconf 81' lang='grc' dir='ltr'><strong><em>ὅπερ</em></strong></span> <span class='ocrx_word' id='word_1_182' title='bbox 393 1490 497 1531; x_wconf 72' lang='grc' dir='ltr'><strong><em>ἐστὶν</em></strong></span> <span class='ocrx_word' id='word_1_183' title='bbox 523 1489 728 1546; x_wconf 83' lang='grc' dir='ltr'><strong><em>ἀρχιερεὺς</em></strong></span> <span class='ocrx_word' id='word_1_184' title='bbox 752 1490 948 1545; x_wconf 72' lang='grc' dir='ltr'><strong><em>μέγιστος.</em></strong></span> <span class='ocrx_word' id='word_1_185' title='bbox 1016 1489 1054 1531; x_wconf 80' lang='grc' dir='ltr'><strong><em>οἷ</em></strong></span> <span class='ocrx_word' id='word_1_186' title='bbox 1078 1490 1152 1544; x_wconf 73' lang='grc' dir='ltr'><strong>μὲν</strong></span> <span class='ocrx_word' id='word_1_187' title='bbox 1178 1484 1248 1531; x_wconf 78' lang='grc' dir='ltr'><strong>οὗν</strong></span> <span class='ocrx_word' id='word_1_188' title='bbox 1276 1488 1389 1531; x_wconf 72' lang='grc' dir='ltr'><strong><em>ἄλλοι</em></strong></span> <span class='ocrx_word' id='word_1_189' title='bbox 1416 1487 1559 1539; x_wconf 82' lang='grc' dir='ltr'><strong><em>πάντες</em></strong></span> <span class='ocrx_word' id='word_1_190' title='bbox 1585 1487 1763 1535; x_wconf 73' lang='grc' dir='ltr'><strong><em>αὐτο-20</em></strong></span> 
     </span>
     <span class='ocr_line' id='line_1_22' title="bbox 268 1554 1706 1614; baseline -0.001 -17"><span class='ocrx_word' id='word_1_191' title='bbox 268 1554 460 1612; x_wconf 85' lang='grc' dir='ltr'><strong><em>κράτορες</em></strong></span> <span class='ocrx_word' id='word_1_192' title='bbox 487 1556 756 1610; x_wconf 78' lang='grc' dir='ltr'><strong><em>ἀσμενέστατα</em></strong></span> <span class='ocrx_word' id='word_1_193' title='bbox 784 1559 990 1614; x_wconf 81' lang='grc' dir='ltr'><strong><em>φαίνονται</em></strong></span> <span class='ocrx_word' id='word_1_194' title='bbox 1010 1556 1215 1610; x_wconf 80' lang='grc' dir='ltr'><strong><em>δεξάμενοι</em></strong></span> <span class='ocrx_word' id='word_1_195' title='bbox 1235 1557 1308 1610; x_wconf 79' lang='grc' dir='ltr'><strong>τὴν</strong></span> <span class='ocrx_word' id='word_1_196' title='bbox 1324 1556 1444 1610; x_wconf 79' lang='grc' dir='ltr'><strong><em>τιμὴν</em></strong></span> <span class='ocrx_word' id='word_1_197' title='bbox 1465 1557 1532 1598; x_wconf 84' lang='grc' dir='ltr'><strong><em>καὶ</em></strong></span> <span class='ocrx_word' id='word_1_198' title='bbox 1550 1560 1600 1611; x_wconf 86' lang='grc' dir='ltr'><strong>τῇ</strong></span> <span class='ocrx_word' id='word_1_199' title='bbox 1621 1556 1706 1596; x_wconf 76' lang='grc' dir='ltr'><strong><em>ἐπι-</em></strong></span> 
     </span>
     <span class='ocr_line' id='line_1_23' title="bbox 265 1619 1707 1681; baseline -0.001 -16"><span class='ocrx_word' id='word_1_200' title='bbox 265 1628 403 1680; x_wconf 74' lang='grc' dir='ltr'><strong><em>γραφῇ</em></strong></span> <span class='ocrx_word' id='word_1_201' title='bbox 417 1623 665 1680; x_wconf 80' lang='grc' dir='ltr'><strong><em>χρησάμενοι</em></strong></span> <span class='ocrx_word' id='word_1_202' title='bbox 681 1622 821 1681; x_wconf 80' lang='grc' dir='ltr'><strong><em>ταύτῃ,</em></strong></span> <span class='ocrx_word' id='word_1_203' title='bbox 851 1624 985 1678; x_wconf 76' lang='grc' dir='ltr'><strong><em>ἐπειδὴ</em></strong></span> <span class='ocrx_word' id='word_1_204' title='bbox 1007 1626 1061 1676; x_wconf 76' lang='grc' dir='ltr'><strong>εἷς</strong></span> <span class='ocrx_word' id='word_1_205' title='bbox 1080 1626 1380 1667; x_wconf 87' lang='grc' dir='ltr'><strong><em>Κωνσταντῖνυν</em></strong></span> <span class='ocrx_word' id='word_1_206' title='bbox 1397 1619 1524 1678; x_wconf 75' lang='grc' dir='ltr'><strong><em>ἦλθεν</em></strong></span> <span class='ocrx_word' id='word_1_207' title='bbox 1543 1621 1568 1677; x_wconf 74' lang='grc' dir='ltr'><em>ἡ</em></span> <span class='ocrx_word' id='word_1_208' title='bbox 1585 1627 1707 1676; x_wconf 83' lang='grc' dir='ltr'><strong><em>βασι-</em></strong></span> 
     </span>
    </p>
   </div>
   <div class='ocr_carea' id='block_1_3' title="bbox 358 1726 1710 1823">
    <p class='ocr_par' dir='ltr' id='par_1_3' title="bbox 358 1726 1710 1823">
     <span class='ocr_line' id='line_1_24' title="bbox 358 1726 1710 1774; baseline 0 -11"><span class='ocrx_word' id='word_1_209' title='bbox 358 1729 402 1764; x_wconf 77' lang='grc'><strong>12</strong></span> <span class='ocrx_word' id='word_1_210' title='bbox 423 1727 573 1772; x_wconf 72' lang='grc' dir='ltr'><strong><em>πρώτην</em></strong></span> <span class='ocrx_word' id='word_1_211' title='bbox 594 1728 677 1773; x_wconf 80' lang='grc' dir='ltr'><strong><em>τὴν]</em></strong></span> <span class='ocrx_word' id='word_1_212' title='bbox 698 1729 798 1763; x_wconf 84' lang='lat' dir='ltr'><strong>immo</strong></span> <span class='ocrx_word' id='word_1_213' title='bbox 819 1728 888 1774; x_wconf 76' lang='grc' dir='ltr'><strong>τὴν</strong></span> <span class='ocrx_word' id='word_1_214' title='bbox 910 1727 1073 1773; x_wconf 65' lang='grc' dir='ltr'><strong><em>πρώτην.</em></strong></span> <span class='ocrx_word' id='word_1_215' title='bbox 1225 1731 1271 1766; x_wconf 77' lang='grc'><strong>22</strong></span> <span class='ocrx_word' id='word_1_216' title='bbox 1292 1730 1324 1764; x_wconf 88' lang='lat' dir='ltr'><strong>le</strong></span> <span class='ocrx_word' id='word_1_217' title='bbox 1348 1729 1469 1764; x_wconf 84' lang='lat' dir='ltr'><strong>endum</strong></span> <span class='ocrx_word' id='word_1_218' title='bbox 1491 1728 1626 1763; x_wconf 82' lang='lat' dir='ltr'><strong>videtur</strong></span> <span class='ocrx_word' id='word_1_219' title='bbox 1646 1726 1710 1763; x_wconf 74' lang='grc' dir='ltr'><strong>καὶ</strong></span> 
     </span>
     <span class='ocr_line' id='line_1_25' title="bbox 358 1769 1619 1823; baseline 0 -13"><span class='ocrx_word' id='word_1_220' title='bbox 358 1773 406 1819; x_wconf 78' lang='grc' dir='ltr'><strong>δὴ</strong></span> <span class='ocrx_word' id='word_1_221' title='bbox 431 1774 493 1809; x_wconf 80' lang='grc' dir='ltr'><strong>καὶ</strong></span> <span class='ocrx_word' id='word_1_222' title='bbox 515 1776 803 1821; x_wconf 78' lang='grc' dir='ltr'><strong><em>Κωνσταντῖνος,</em></strong></span> <span class='ocrx_word' id='word_1_223' title='bbox 827 1772 950 1821; x_wconf 78' lang='grc' dir='ltr'><strong><em>ἐπειδὴ</em></strong></span> <span class='ocrx_word' id='word_1_224' title='bbox 975 1775 1027 1817; x_wconf 76' lang='grc' dir='ltr'><strong>εἰς</strong></span> <span class='ocrx_word' id='word_1_225' title='bbox 1051 1771 1169 1811; x_wconf 73' lang='grc' dir='ltr'><strong><em>αὐτὸν</em></strong></span> <span class='ocrx_word' id='word_1_226' title='bbox 1190 1769 1306 1821; x_wconf 78' lang='grc' dir='ltr'><strong><em>ἦλθεν</em></strong></span> <span class='ocrx_word' id='word_1_227' title='bbox 1327 1788 1351 1822; x_wconf 84' lang='grc' dir='ltr'><strong><em>η</em></strong></span> <span class='ocrx_word' id='word_1_228' title='bbox 1376 1774 1554 1823; x_wconf 74' lang='grc' dir='ltr'><strong><em>βασιλεία.</em></strong></span> <span class='ocrx_word' id='word_1_229' title='bbox 1581 1776 1619 1810; x_wconf 82' lang='lat' dir='ltr'><strong>S.</strong></span> 
     </span>
    </p>
   </div>
   <div class='ocr_carea' id='block_1_4' title="bbox 261 1863 1725 2766">
    <p class='ocr_par' dir='ltr' id='par_1_4' title="bbox 261 1863 1725 2766">
     <span class='ocr_line' id='line_1_26' title="bbox 358 1863 1725 1912; baseline 0 -14"><span class='ocrx_word' id='word_1_230' title='bbox 358 1863 413 1898; x_wconf 82' lang='lat'><strong>36.</strong></span> <span class='ocrx_word' id='word_1_231' title='bbox 458 1863 579 1898; x_wconf 77' lang='lat' dir='ltr'><strong>Fuerit</strong></span> <span class='ocrx_word' id='word_1_232' title='bbox 604 1868 714 1899; x_wconf 83' lang='lat' dir='ltr'><strong>autem</strong></span> <span class='ocrx_word' id='word_1_233' title='bbox 740 1865 884 1912; x_wconf 86' lang='lat' dir='ltr'><strong>pretium</strong></span> <span class='ocrx_word' id='word_1_234' title='bbox 913 1876 1038 1911; x_wconf 87' lang='lat' dir='ltr'><strong>operae</strong></span> <span class='ocrx_word' id='word_1_235' title='bbox 1061 1865 1216 1910; x_wconf 84' lang='lat' dir='ltr'><strong>quiddam</strong></span> <span class='ocrx_word' id='word_1_236' title='bbox 1245 1864 1424 1900; x_wconf 86' lang='lat' dir='ltr'><strong>memoriae</strong></span> <span class='ocrx_word' id='word_1_237' title='bbox 1436 1887 1440 1889; x_wconf 77' lang='lat'><strong><em>—</em></strong></span> <span class='ocrx_word' id='word_1_238' title='bbox 1450 1865 1615 1910; x_wconf 86' lang='lat' dir='ltr'><strong>proditum</strong></span> <span class='ocrx_word' id='word_1_239' title='bbox 1642 1874 1725 1911; x_wconf 25' lang='lat' dir='ltr'><strong>nou·</strong></span> 
     </span>
     <span class='ocr_line' id='line_1_27' title="bbox 270 1907 1710 1955; baseline 0.001 -14"><span class='ocrx_word' id='word_1_240' title='bbox 270 1907 395 1949; x_wconf 83' lang='lat' dir='ltr'><strong>omitti,</strong></span> <span class='ocrx_word' id='word_1_241' title='bbox 426 1909 514 1952; x_wconf 88' lang='lat' dir='ltr'><strong>quod</strong></span> <span class='ocrx_word' id='word_1_242' title='bbox 530 1921 549 1943; x_wconf 90' lang='lat' dir='ltr'><strong>a</strong></span> <span class='ocrx_word' id='word_1_243' title='bbox 564 1910 754 1944; x_wconf 76' lang='lat' dir='ltr'><strong>narratione</strong></span> <span class='ocrx_word' id='word_1_244' title='bbox 769 1911 938 1955; x_wconf 80' lang='lat' dir='ltr'><strong>praesenti</strong></span> <span class='ocrx_word' id='word_1_245' title='bbox 953 1923 1019 1945; x_wconf 92' lang='lat' dir='ltr'><strong>non</strong></span> <span class='ocrx_word' id='word_1_246' title='bbox 1033 1910 1080 1945; x_wconf 87' lang='lat' dir='ltr'><strong>sit</strong></span> <span class='ocrx_word' id='word_1_247' title='bbox 1093 1911 1245 1945; x_wconf 84' lang='lat' dir='ltr'><strong>alienum.</strong></span> <span class='ocrx_word' id='word_1_248' title='bbox 1289 1911 1323 1944; x_wconf 92' lang='lat' dir='ltr'><strong>in</strong></span> <span class='ocrx_word' id='word_1_249' title='bbox 1338 1911 1484 1954; x_wconf 75' lang='lat' dir='ltr'><strong>collegiis</strong></span> <span class='ocrx_word' id='word_1_250' title='bbox 1499 1910 1710 1944; x_wconf 78' lang='lat' dir='ltr'><strong>sacerdotum</strong></span> 
     </span>
     <span class='ocr_line' id='line_1_28' title="bbox 271 1954 1709 2001; baseline 0.001 -16"><span class='ocrx_word' id='word_1_251' title='bbox 271 1954 398 1986; x_wconf 85' lang='lat' dir='ltr'><strong>Romae</strong></span> <span class='ocrx_word' id='word_1_252' title='bbox 414 1954 587 1997; x_wconf 87' lang='lat' dir='ltr'><strong>pontifices</strong></span> <span class='ocrx_word' id='word_1_253' title='bbox 603 1956 725 1999; x_wconf 79' lang='lat' dir='ltr'><strong>primas</strong></span> <span class='ocrx_word' id='word_1_254' title='bbox 740 1957 918 1998; x_wconf 77' lang='lat' dir='ltr'><strong>tenebant3</strong></span> <span class='ocrx_word' id='word_1_255' title='bbox 951 1967 1057 2001; x_wconf 86' lang='lat' dir='ltr'><strong>quos,</strong></span> <span class='ocrx_word' id='word_1_256' title='bbox 1089 1956 1118 1989; x_wconf 86' lang='lat' dir='ltr'><strong>si</strong></span> <span class='ocrx_word' id='word_1_257' title='bbox 1133 1967 1200 1990; x_wconf 83' lang='lat' dir='ltr'><strong>vox</strong></span> <span class='ocrx_word' id='word_1_258' title='bbox 1213 1956 1319 1991; x_wconf 73' lang='lat' dir='ltr'><strong>istaec</strong></span> <span class='ocrx_word' id='word_1_259' title='bbox 1335 1957 1500 1990; x_wconf 81' lang='lat' dir='ltr'><strong>Graecam</strong></span> <span class='ocrx_word' id='word_1_260' title='bbox 1516 1955 1550 1988; x_wconf 89' lang='lat' dir='ltr'><strong>in</strong></span> <span class='ocrx_word' id='word_1_261' title='bbox 1566 1954 1709 1998; x_wconf 76' lang='lat' dir='ltr'><strong>linguam</strong></span> 
     </span>
     <span class='ocr_line' id='line_1_29' title="bbox 269 1999 1710 2046; baseline 0.001 -16"><span class='ocrx_word' id='word_1_262' title='bbox 269 1999 502 2040; x_wconf 79' lang='lat' dir='ltr'><strong>transferatur,</strong></span> <span class='ocrx_word' id='word_1_263' title='bbox 517 2001 729 2043; x_wconf 84' lang='lat' dir='ltr'><strong>gephyraeos</strong></span> <span class='ocrx_word' id='word_1_264' title='bbox 742 2012 762 2034; x_wconf 83' lang='lat' dir='ltr'><strong>a</strong></span> <span class='ocrx_word' id='word_1_265' title='bbox 777 2001 934 2046; x_wconf 85' lang='lat' dir='ltr'><strong>pontibus</strong></span> <span class='ocrx_word' id='word_1_266' title='bbox 950 2002 1061 2035; x_wconf 83' lang='lat' dir='ltr'><strong>dicere</strong></span> <span class='ocrx_word' id='word_1_267' title='bbox 1076 2001 1185 2035; x_wconf 89' lang='lat' dir='ltr'><strong>liceat.</strong></span> <span class='ocrx_word' id='word_1_268' title='bbox 1230 2002 1316 2034; x_wconf 85' lang='lat' dir='ltr'><strong>hanc</strong></span> <span class='ocrx_word' id='word_1_269' title='bbox 1330 2006 1440 2035; x_wconf 84' lang='lat' dir='ltr'><strong>autem</strong></span> <span class='ocrx_word' id='word_1_270' title='bbox 1455 2000 1710 2046; x_wconf 83' lang='lat' dir='ltr'><strong>appellationem</strong></span> 
     </span>
     <span class='ocr_line' id='line_1_30' title="bbox 269 2042 1712 2089; baseline 0 -12"><span class='ocrx_word' id='word_1_271' title='bbox 269 2042 455 2077; x_wconf 76' lang='lat' dir='ltr'><strong>huiusmodi</strong></span> <span class='ocrx_word' id='word_1_272' title='bbox 470 2044 610 2087; x_wconf 87' lang='lat' dir='ltr'><strong>quadam</strong></span> <span class='ocrx_word' id='word_1_273' title='bbox 625 2057 667 2079; x_wconf 90' lang='lat' dir='ltr'><strong>ex</strong></span> <span class='ocrx_word' id='word_1_274' title='bbox 683 2057 784 2079; x_wconf 87' lang='lat' dir='ltr'><strong>causa</strong></span> <span class='ocrx_word' id='word_1_275' title='bbox 798 2047 888 2079; x_wconf 87' lang='lat' dir='ltr'><strong>nacti</strong></span> <span class='ocrx_word' id='word_1_276' title='bbox 903 2051 991 2080; x_wconf 88' lang='lat' dir='ltr'><strong>sunt.</strong></span> <span class='ocrx_word' id='word_1_277' title='bbox 1038 2058 1111 2080; x_wconf 90' lang='lat' dir='ltr'><strong>cum</strong></span> <span class='ocrx_word' id='word_1_278' title='bbox 1127 2045 1263 2080; x_wconf 84' lang='lat' dir='ltr'><strong>necdum</strong></span> <span class='ocrx_word' id='word_1_279' title='bbox 1278 2045 1426 2080; x_wconf 85' lang='lat' dir='ltr'><strong>homines</strong></span> <span class='ocrx_word' id='word_1_280' title='bbox 1440 2047 1564 2079; x_wconf 86' lang='lat' dir='ltr'><strong>cultum</strong></span> <span class='ocrx_word' id='word_1_281' title='bbox 1579 2044 1636 2089; x_wconf 87' lang='lat' dir='ltr'><strong>qui</strong></span> <span class='ocrx_word' id='word_1_282' title='bbox 1650 2055 1712 2089; x_wconf 85' lang='lat' dir='ltr'><strong>per</strong></span> 
     </span>
     <span class='ocr_line' id='line_1_31' title="bbox 270 2087 1712 2136; baseline 0.001 -15"><span class='ocrx_word' id='word_1_283' title='bbox 270 2087 431 2131; x_wconf 74' lang='lat' dir='ltr'><strong>imagines</strong></span> <span class='ocrx_word' id='word_1_284' title='bbox 450 2089 626 2123; x_wconf 81' lang='lat' dir='ltr'><strong>exhibetur</strong></span> <span class='ocrx_word' id='word_1_285' title='bbox 646 2090 893 2134; x_wconf 76' lang='lat' dir='ltr'><strong>intelligerent,</strong></span> <span class='ocrx_word' id='word_1_286' title='bbox 925 2091 1030 2136; x_wconf 86' lang='lat' dir='ltr'><strong>prima</strong></span> <span class='ocrx_word' id='word_1_287' title='bbox 1051 2091 1086 2125; x_wconf 87' lang='lat' dir='ltr'><strong>in</strong></span> <span class='ocrx_word' id='word_1_288' title='bbox 1101 2091 1276 2125; x_wconf 78' lang='lat' dir='ltr'><strong>Thessalia</strong></span> <span class='ocrx_word' id='word_1_289' title='bbox 1300 2090 1398 2124; x_wconf 85' lang='lat' dir='ltr'><strong>deum</strong></span> <span class='ocrx_word' id='word_1_290' title='bbox 1422 2090 1597 2124; x_wconf 86' lang='lat' dir='ltr'><strong>simulacra</strong></span> <span class='ocrx_word' id='word_1_291' title='bbox 1620 2091 1712 2123; x_wconf 83' lang='lat' dir='ltr'><strong>facta</strong></span> 
     </span>
     <span class='ocr_line' id='line_1_32' title="bbox 270 2134 1711 2179; baseline 0.001 -14"><span class='ocrx_word' id='word_1_292' title='bbox 270 2137 361 2169; x_wconf 80' lang='lat' dir='ltr'><strong>sunt.</strong></span> <span class='ocrx_word' id='word_1_293' title='bbox 407 2143 546 2178; x_wconf 85' lang='lat' dir='ltr'><strong>cumque</strong></span> <span class='ocrx_word' id='word_1_294' title='bbox 562 2145 604 2167; x_wconf 92' lang='lat' dir='ltr'><strong>ne</strong></span> <span class='ocrx_word' id='word_1_295' title='bbox 625 2135 775 2168; x_wconf 85' lang='lat' dir='ltr'><strong>sacraria</strong></span> <span class='ocrx_word' id='word_1_296' title='bbox 797 2135 925 2179; x_wconf 89' lang='lat' dir='ltr'><strong>quidem</strong></span> <span class='ocrx_word' id='word_1_297' title='bbox 949 2136 1056 2170; x_wconf 81' lang='lat' dir='ltr'><strong>adhuc</strong></span> <span class='ocrx_word' id='word_1_298' title='bbox 1079 2140 1191 2170; x_wconf 81' lang='lat' dir='ltr'><strong>essent</strong></span> <span class='ocrx_word' id='word_1_299' title='bbox 1214 2136 1314 2178; x_wconf 86' lang='lat' dir='ltr'><strong>(nam</strong></span> <span class='ocrx_word' id='word_1_300' title='bbox 1331 2141 1366 2168; x_wconf 88' lang='lat' dir='ltr'><strong>et</strong></span> <span class='ocrx_word' id='word_1_301' title='bbox 1377 2135 1508 2170; x_wconf 89' lang='lat' dir='ltr'><strong>illorum</strong></span> <span class='ocrx_word' id='word_1_302' title='bbox 1522 2134 1711 2178; x_wconf 86' lang='lat' dir='ltr'><strong>incognitus</strong></span> 
     </span>
     <span class='ocr_line' id='line_1_33' title="bbox 271 2178 1711 2226; baseline 0.001 -16"><span class='ocrx_word' id='word_1_303' title='bbox 271 2182 346 2210; x_wconf 76' lang='lat' dir='ltr'><strong>erat</strong></span> <span class='ocrx_word' id='word_1_304' title='bbox 359 2178 488 2222; x_wconf 83' lang='lat' dir='ltr'><strong>usus),</strong></span> <span class='ocrx_word' id='word_1_305' title='bbox 526 2178 658 2222; x_wconf 80' lang='lat' dir='ltr'><strong>effigies</strong></span> <span class='ocrx_word' id='word_1_306' title='bbox 683 2179 815 2213; x_wconf 86' lang='lat' dir='ltr'><strong>divinas</strong></span> <span class='ocrx_word' id='word_1_307' title='bbox 837 2180 869 2213; x_wconf 89' lang='lat' dir='ltr'><strong>in</strong></span> <span class='ocrx_word' id='word_1_308' title='bbox 887 2181 986 2214; x_wconf 83' lang='lat' dir='ltr'><strong>Penei</strong></span> <span class='ocrx_word' id='word_1_309' title='bbox 1007 2181 1150 2215; x_wconf 88' lang='lat' dir='ltr'><strong>fluminis</strong></span> <span class='ocrx_word' id='word_1_310' title='bbox 1164 2186 1267 2226; x_wconf 89' lang='lat' dir='ltr'><strong>ponte</strong></span> <span class='ocrx_word' id='word_1_311' title='bbox 1281 2181 1494 2222; x_wconf 79' lang='lat' dir='ltr'><strong>statuebant,</strong></span> <span class='ocrx_word' id='word_1_312' title='bbox 1524 2180 1630 2214; x_wconf 83' lang='lat' dir='ltr'><strong>indito</strong></span> <span class='ocrx_word' id='word_1_313' title='bbox 1645 2179 1711 2213; x_wconf 78' lang='lat' dir='ltr'><strong>illis</strong></span> 
     </span>
     <span class='ocr_line' id='line_1_34' title="bbox 271 2222 1713 2270; baseline 0.001 -15"><span class='ocrx_word' id='word_1_314' title='bbox 271 2222 436 2256; x_wconf 80' lang='lat' dir='ltr'><strong>vocabulo</strong></span> <span class='ocrx_word' id='word_1_315' title='bbox 446 2249 457 2265; x_wconf 91' lang='lat'><strong>,</strong></span> <span class='ocrx_word' id='word_1_316' title='bbox 493 2223 550 2267; x_wconf 88' lang='lat' dir='ltr'><strong>qui</strong></span> <span class='ocrx_word' id='word_1_317' title='bbox 566 2224 662 2258; x_wconf 88' lang='lat' dir='ltr'><strong>deum</strong></span> <span class='ocrx_word' id='word_1_318' title='bbox 681 2225 841 2269; x_wconf 83' lang='lat' dir='ltr'><strong>praefecti</strong></span> <span class='ocrx_word' id='word_1_319' title='bbox 857 2225 961 2260; x_wconf 88' lang='lat' dir='ltr'><strong>sacris</strong></span> <span class='ocrx_word' id='word_1_320' title='bbox 976 2230 1110 2270; x_wconf 81' lang='lat' dir='ltr'><strong>essent,</strong></span> <span class='ocrx_word' id='word_1_321' title='bbox 1133 2232 1172 2259; x_wconf 84' lang='lat' dir='ltr'><strong>ut</strong></span> <span class='ocrx_word' id='word_1_322' title='bbox 1185 2237 1206 2259; x_wconf 85' lang='lat' dir='ltr'><strong>a</strong></span> <span class='ocrx_word' id='word_1_323' title='bbox 1221 2226 1325 2270; x_wconf 83' lang='lat' dir='ltr'><strong>prima</strong></span> <span class='ocrx_word' id='word_1_324' title='bbox 1339 2225 1588 2259; x_wconf 84' lang='lat' dir='ltr'><strong>simulacrorum</strong></span> <span class='ocrx_word' id='word_1_325' title='bbox 1605 2224 1713 2258; x_wconf 88' lang='lat' dir='ltr'><strong>collo·</strong></span> 
     </span>
     <span class='ocr_line' id='line_1_35' title="bbox 271 2267 1714 2315; baseline 0.001 -14"><span class='ocrx_word' id='word_1_326' title='bbox 271 2267 404 2301; x_wconf 80' lang='lat' dir='ltr'><strong>catione</strong></span> <span class='ocrx_word' id='word_1_327' title='bbox 419 2268 636 2313; x_wconf 81' lang='lat' dir='ltr'><strong>Gephyraei,</strong></span> <span class='ocrx_word' id='word_1_328' title='bbox 657 2269 754 2314; x_wconf 88' lang='lat' dir='ltr'><strong>quasi</strong></span> <span class='ocrx_word' id='word_1_329' title='bbox 769 2270 797 2303; x_wconf 86' lang='lat' dir='ltr'><strong>si</strong></span> <span class='ocrx_word' id='word_1_330' title='bbox 814 2276 978 2314; x_wconf 83' lang='lat' dir='ltr'><strong>pontanus</strong></span> <span class='ocrx_word' id='word_1_331' title='bbox 994 2271 1086 2305; x_wconf 85' lang='lat' dir='ltr'><strong>dicas</strong></span> <span class='ocrx_word' id='word_1_332' title='bbox 1097 2296 1107 2311; x_wconf 90' lang='lat'><strong>‚</strong></span> <span class='ocrx_word' id='word_1_333' title='bbox 1128 2276 1409 2315; x_wconf 84' lang='lat' dir='ltr'><strong>nuncuparentur.</strong></span> <span class='ocrx_word' id='word_1_334' title='bbox 1455 2271 1520 2304; x_wconf 86' lang='lat' dir='ltr'><strong>hoc</strong></span> <span class='ocrx_word' id='word_1_335' title='bbox 1536 2282 1556 2303; x_wconf 87' lang='lat' dir='ltr'><strong>a</strong></span> <span class='ocrx_word' id='word_1_336' title='bbox 1570 2269 1714 2303; x_wconf 83' lang='lat' dir='ltr'><strong>Graecis</strong></span> 
     </span>
     <span class='ocr_line' id='line_1_36' title="bbox 269 2313 1712 2361; baseline 0.001 -14"><span class='ocrx_word' id='word_1_337' title='bbox 269 2318 412 2357; x_wconf 78' lang='lat' dir='ltr'><strong>accepto</strong></span> <span class='ocrx_word' id='word_1_338' title='bbox 422 2338 433 2355; x_wconf 83' lang='lat'><strong>,</strong></span> <span class='ocrx_word' id='word_1_339' title='bbox 456 2313 598 2347; x_wconf 88' lang='lat' dir='ltr'><strong>Romani</strong></span> <span class='ocrx_word' id='word_1_340' title='bbox 614 2325 671 2347; x_wconf 85' lang='lat' dir='ltr'><strong>eos</strong></span> <span class='ocrx_word' id='word_1_341' title='bbox 687 2314 744 2359; x_wconf 85' lang='lat' dir='ltr'><strong>qui</strong></span> <span class='ocrx_word' id='word_1_342' title='bbox 760 2316 969 2349; x_wconf 84' lang='lat' dir='ltr'><strong>sacerdotum</strong></span> <span class='ocrx_word' id='word_1_343' title='bbox 985 2316 1019 2349; x_wconf 84' lang='lat' dir='ltr'><strong>in</strong></span> <span class='ocrx_word' id='word_1_344' title='bbox 1034 2315 1183 2360; x_wconf 85' lang='lat' dir='ltr'><strong>collegiis</strong></span> <span class='ocrx_word' id='word_1_345' title='bbox 1198 2316 1287 2361; x_wconf 84' lang='lat' dir='ltr'><strong>apud</strong></span> <span class='ocrx_word' id='word_1_346' title='bbox 1303 2316 1394 2360; x_wconf 84' lang='lat' dir='ltr'><strong>ipsos</strong></span> <span class='ocrx_word' id='word_1_347' title='bbox 1407 2316 1514 2349; x_wconf 90' lang='lat' dir='ltr'><strong>locum</strong></span> <span class='ocrx_word' id='word_1_348' title='bbox 1530 2314 1712 2360; x_wconf 84' lang='lat' dir='ltr'><strong>principem</strong></span> 
     </span>
     <span class='ocr_line' id='line_1_37' title="bbox 272 2357 1711 2405; baseline 0.001 -14"><span class='ocrx_word' id='word_1_349' title='bbox 272 2357 461 2392; x_wconf 76' lang='lat' dir='ltr'><strong>&#39;obtinerent</strong></span> <span class='ocrx_word' id='word_1_350' title='bbox 483 2359 661 2403; x_wconf 85' lang='lat' dir='ltr'><strong>pontifices</strong></span> <span class='ocrx_word' id='word_1_351' title='bbox 681 2360 909 2405; x_wconf 84' lang='lat' dir='ltr'><strong>appellarunt;</strong></span> <span class='ocrx_word' id='word_1_352' title='bbox 944 2361 1106 2405; x_wconf 89' lang='lat' dir='ltr'><strong>simulque</strong></span> <span class='ocrx_word' id='word_1_353' title='bbox 1131 2365 1314 2394; x_wconf 87' lang='lat' dir='ltr'><strong>sanxerunt</strong></span> <span class='ocrx_word' id='word_1_354' title='bbox 1338 2366 1374 2394; x_wconf 88' lang='lat' dir='ltr'><strong>ut</strong></span> <span class='ocrx_word' id='word_1_355' title='bbox 1398 2372 1511 2395; x_wconf 85' lang='lat' dir='ltr'><strong>eorum</strong></span> <span class='ocrx_word' id='word_1_356' title='bbox 1525 2360 1558 2394; x_wconf 93' lang='lat' dir='ltr'><strong>in</strong></span> <span class='ocrx_word' id='word_1_357' title='bbox 1575 2369 1711 2393; x_wconf 77' lang='lat' dir='ltr'><strong>numero</strong></span> 
     </span>
     <span class='ocr_line' id='line_1_38' title="bbox 273 2403 1710 2450; baseline 0 -14"><span class='ocrx_word' id='word_1_358' title='bbox 273 2414 374 2446; x_wconf 84' lang='lat' dir='ltr'><strong>reges</strong></span> <span class='ocrx_word' id='word_1_359' title='bbox 406 2403 503 2436; x_wconf 86' lang='lat' dir='ltr'><strong>etiam</strong></span> <span class='ocrx_word' id='word_1_360' title='bbox 535 2409 672 2449; x_wconf 85' lang='lat' dir='ltr'><strong>propter</strong></span> <span class='ocrx_word' id='word_1_361' title='bbox 706 2404 875 2447; x_wconf 85' lang='lat' dir='ltr'><strong>dignitatis</strong></span> <span class='ocrx_word' id='word_1_362' title='bbox 901 2405 1130 2439; x_wconf 84' lang='lat' dir='ltr'><strong>excellentiam</strong></span> <span class='ocrx_word' id='word_1_363' title='bbox 1154 2411 1378 2440; x_wconf 86' lang='lat' dir='ltr'><strong>censerentur.</strong></span> <span class='ocrx_word' id='word_1_364' title='bbox 1426 2406 1550 2450; x_wconf 89' lang='lat' dir='ltr'><strong>primus</strong></span> <span class='ocrx_word' id='word_1_365' title='bbox 1577 2404 1710 2449; x_wconf 82' lang='lat' dir='ltr'><strong>quidem</strong></span> 
     </span>
     <span class='ocr_line' id='line_1_39' title="bbox 273 2446 1712 2495; baseline 0.001 -14"><span class='ocrx_word' id='word_1_366' title='bbox 273 2446 384 2481; x_wconf 83' lang='lat' dir='ltr'><strong>Numa</strong></span> <span class='ocrx_word' id='word_1_367' title='bbox 397 2449 579 2493; x_wconf 84' lang='lat' dir='ltr'><strong>Pompilius</strong></span> <span class='ocrx_word' id='word_1_368' title='bbox 603 2449 689 2482; x_wconf 83' lang='lat' dir='ltr'><strong>hunc</strong></span> <span class='ocrx_word' id='word_1_369' title='bbox 703 2450 863 2483; x_wconf 89' lang='lat' dir='ltr'><strong>honorem</strong></span> <span class='ocrx_word' id='word_1_370' title='bbox 882 2450 1022 2494; x_wconf 81' lang='lat' dir='ltr'><strong>adeptus</strong></span> <span class='ocrx_word' id='word_1_371' title='bbox 1039 2456 1093 2484; x_wconf 88' lang='lat' dir='ltr'><strong>est</strong></span> <span class='ocrx_word' id='word_1_372' title='bbox 1105 2477 1116 2494; x_wconf 87' lang='lat'>‚</span> <span class='ocrx_word' id='word_1_373' title='bbox 1146 2461 1325 2494; x_wconf 83' lang='lat' dir='ltr'><strong>omnesque</strong></span> <span class='ocrx_word' id='word_1_374' title='bbox 1347 2451 1504 2495; x_wconf 85' lang='lat' dir='ltr'><strong>deinceps</strong></span> <span class='ocrx_word' id='word_1_375' title='bbox 1529 2448 1586 2493; x_wconf 81' lang='lat' dir='ltr'><strong>qni</strong></span> <span class='ocrx_word' id='word_1_376' title='bbox 1611 2459 1712 2492; x_wconf 74' lang='lat' dir='ltr'><strong>reges</strong></span> 
     </span>
     <span class='ocr_line' id='line_1_40' title="bbox 274 2493 1712 2540; baseline 0 -14"><span class='ocrx_word' id='word_1_377' title='bbox 274 2493 436 2537; x_wconf 87' lang='lat' dir='ltr'><strong>appellati</strong></span> <span class='ocrx_word' id='word_1_378' title='bbox 451 2498 548 2536; x_wconf 88' lang='lat' dir='ltr'><strong>sunt;</strong></span> <span class='ocrx_word' id='word_1_379' title='bbox 580 2505 620 2528; x_wconf 88' lang='lat' dir='ltr'><strong>ac</strong></span> <span class='ocrx_word' id='word_1_380' title='bbox 635 2500 711 2539; x_wconf 86' lang='lat' dir='ltr'><strong>post</strong></span> <span class='ocrx_word' id='word_1_381' title='bbox 725 2494 799 2527; x_wconf 89' lang='lat' dir='ltr'><strong>illos</strong></span> <span class='ocrx_word' id='word_1_382' title='bbox 815 2494 1022 2529; x_wconf 85' lang='lat' dir='ltr'><strong>Octavianus</strong></span> <span class='ocrx_word' id='word_1_383' title='bbox 1038 2496 1130 2540; x_wconf 82' lang='lat' dir='ltr'><strong>ipse,</strong></span> <span class='ocrx_word' id='word_1_384' title='bbox 1162 2495 1286 2539; x_wconf 84' lang='lat' dir='ltr'><strong>quique</strong></span> <span class='ocrx_word' id='word_1_385' title='bbox 1303 2500 1380 2540; x_wconf 88' lang='lat' dir='ltr'><strong>post</strong></span> <span class='ocrx_word' id='word_1_386' title='bbox 1394 2507 1467 2529; x_wconf 89' lang='lat' dir='ltr'><strong>eum</strong></span> <span class='ocrx_word' id='word_1_387' title='bbox 1483 2496 1634 2528; x_wconf 85' lang='lat' dir='ltr'><strong>Romano</strong></span> <span class='ocrx_word' id='word_1_388' title='bbox 1648 2493 1712 2527; x_wconf 83' lang='lat' dir='ltr'><strong>im-</strong></span> 
     </span>
     <span class='ocr_line' id='line_1_41' title="bbox 261 2538 1712 2584; baseline 0.001 -13"><span class='ocrx_word' id='word_1_389' title='bbox 261 2538 370 2582; x_wconf 85' lang='lat' dir='ltr'><strong>·perio</strong></span> <span class='ocrx_word' id='word_1_390' title='bbox 396 2543 639 2572; x_wconf 79' lang='lat' dir='ltr'><strong>successerunt.</strong></span> <span class='ocrx_word' id='word_1_391' title='bbox 683 2539 779 2573; x_wconf 88' lang='lat' dir='ltr'><strong>simul</strong></span> <span class='ocrx_word' id='word_1_392' title='bbox 797 2539 882 2572; x_wconf 89' lang='lat' dir='ltr'><strong>enim</strong></span> <span class='ocrx_word' id='word_1_393' title='bbox 896 2545 996 2583; x_wconf 85' lang='lat' dir='ltr'><strong>atque</strong></span> <span class='ocrx_word' id='word_1_394' title='bbox 1011 2551 1169 2574; x_wconf 87' lang='lat' dir='ltr'><strong>summum</strong></span> <span class='ocrx_word' id='word_1_395' title='bbox 1185 2541 1354 2584; x_wconf 86' lang='lat' dir='ltr'><strong>imperium</strong></span> <span class='ocrx_word' id='word_1_396' title='bbox 1371 2541 1512 2584; x_wconf 81' lang='lat' dir='ltr'><strong>quisque</strong></span> <span class='ocrx_word' id='word_1_397' title='bbox 1527 2549 1712 2583; x_wconf 76' lang='lat' dir='ltr'><strong>conseque-</strong></span> 
     </span>
     <span class='ocr_line' id='line_1_42' title="bbox 276 2583 1713 2630; baseline 0.001 -16"><span class='ocrx_word' id='word_1_398' title='bbox 276 2583 383 2619; x_wconf 80' lang='lat' dir='ltr'><strong>batur.</strong></span> <span class='ocrx_word' id='word_1_399' title='bbox 403 2583 542 2617; x_wconf 82' lang='lat' dir='ltr'><strong>amictus</strong></span> <span class='ocrx_word' id='word_1_400' title='bbox 558 2585 588 2618; x_wconf 91' lang='lat' dir='ltr'><strong>ei</strong></span> <span class='ocrx_word' id='word_1_401' title='bbox 601 2583 818 2618; x_wconf 84' lang='lat' dir='ltr'><strong>sacerdotalis</strong></span> <span class='ocrx_word' id='word_1_402' title='bbox 834 2585 1041 2618; x_wconf 81' lang='lat' dir='ltr'><strong>offerebatur</strong></span> <span class='ocrx_word' id='word_1_403' title='bbox 1060 2596 1080 2618; x_wconf 84' lang='lat' dir='ltr'><strong>a</strong></span> <span class='ocrx_word' id='word_1_404' title='bbox 1095 2585 1318 2630; x_wconf 84' lang='lat' dir='ltr'><strong>pontificibus,</strong></span> <span class='ocrx_word' id='word_1_405' title='bbox 1343 2591 1377 2618; x_wconf 86' lang='lat' dir='ltr'><strong>et</strong></span> <span class='ocrx_word' id='word_1_406' title='bbox 1392 2585 1548 2619; x_wconf 85' lang='lat' dir='ltr'><strong>continuo</strong></span> <span class='ocrx_word' id='word_1_407' title='bbox 1565 2584 1599 2617; x_wconf 89' lang='lat' dir='ltr'><strong>in</strong></span> <span class='ocrx_word' id='word_1_408' title='bbox 1617 2589 1713 2616; x_wconf 82' lang='lat' dir='ltr'><strong>cata-</strong></span> 
     </span>
     <span class='ocr_line' id='line_1_43' title="bbox 275 2627 1712 2673; baseline 0.001 -13"><span class='ocrx_word' id='word_1_409' title='bbox 275 2627 385 2671; x_wconf 81' lang='lat' dir='ltr'><strong>logum</strong></span> <span class='ocrx_word' id='word_1_410' title='bbox 403 2628 596 2672; x_wconf 81' lang='lat' dir='ltr'><strong>pontificum</strong></span> <span class='ocrx_word' id='word_1_411' title='bbox 621 2629 833 2663; x_wconf 90' lang='lat' dir='ltr'><strong>maximorum</strong></span> <span class='ocrx_word' id='word_1_412' title='bbox 859 2631 1082 2664; x_wconf 78' lang='lat' dir='ltr'><strong>referebatur.</strong></span> <span class='ocrx_word' id='word_1_413' title='bbox 1126 2641 1166 2663; x_wconf 88' lang='lat' dir='ltr'><strong>ac</strong></span> <span class='ocrx_word' id='word_1_414' title='bbox 1190 2630 1293 2663; x_wconf 81' lang='lat' dir='ltr'><strong>ceteri</strong></span> <span class='ocrx_word' id='word_1_415' title='bbox 1308 2630 1439 2673; x_wconf 81' lang='lat' dir='ltr'><strong>quidem</strong></span> <span class='ocrx_word' id='word_1_416' title='bbox 1455 2629 1619 2673; x_wconf 82' lang='lat' dir='ltr'><strong>principes</strong></span> <span class='ocrx_word' id='word_1_417' title='bbox 1637 2627 1712 2662; x_wconf 86' lang='lat' dir='ltr'><strong>uni-</strong></span> 
     </span>
     <span class='ocr_line' id='line_1_44' title="bbox 276 2672 1713 2719; baseline 0.001 -15"><span class='ocrx_word' id='word_1_418' title='bbox 276 2672 367 2706; x_wconf 87' lang='lat' dir='ltr'><strong>versi</strong></span> <span class='ocrx_word' id='word_1_419' title='bbox 387 2673 620 2708; x_wconf 83' lang='lat' dir='ltr'><strong>lubentissimis</strong></span> <span class='ocrx_word' id='word_1_420' title='bbox 641 2674 758 2708; x_wconf 79' lang='lat' dir='ltr'><strong>animis</strong></span> <span class='ocrx_word' id='word_1_421' title='bbox 773 2674 860 2707; x_wconf 86' lang='lat' dir='ltr'><strong>hunc</strong></span> <span class='ocrx_word' id='word_1_422' title='bbox 875 2675 1033 2708; x_wconf 86' lang='lat' dir='ltr'><strong>honorem</strong></span> <span class='ocrx_word' id='word_1_423' title='bbox 1051 2675 1220 2719; x_wconf 75' lang='lat' dir='ltr'><strong>accepisse</strong></span> <span class='ocrx_word' id='word_1_424' title='bbox 1237 2680 1272 2708; x_wconf 91' lang='lat' dir='ltr'><strong>et</strong></span> <span class='ocrx_word' id='word_1_425' title='bbox 1287 2675 1350 2708; x_wconf 82' lang='lat' dir='ltr'><strong>hoc</strong></span> <span class='ocrx_word' id='word_1_426' title='bbox 1367 2675 1418 2708; x_wconf 85' lang='lat' dir='ltr'><strong>usi</strong></span> <span class='ocrx_word' id='word_1_427' title='bbox 1434 2674 1531 2708; x_wconf 90' lang='lat' dir='ltr'><strong>titulo</strong></span> <span class='ocrx_word' id='word_1_428' title='bbox 1546 2674 1713 2714; x_wconf 86' lang='lat' dir='ltr'><strong>videntur,</strong></span> 
     </span>
     <span class='ocr_line' id='line_1_45' title="bbox 276 2717 1713 2766; baseline 0.002 -16"><span class='ocrx_word' id='word_1_429' title='bbox 276 2721 379 2763; x_wconf 80' lang='lat' dir='ltr'><strong>atque</strong></span> <span class='ocrx_word' id='word_1_430' title='bbox 394 2718 634 2754; x_wconf 86' lang='lat' dir='ltr'><strong>Constantinus</strong></span> <span class='ocrx_word' id='word_1_431' title='bbox 649 2719 759 2763; x_wconf 80' lang='lat' dir='ltr'><strong>etiam,</strong></span> <span class='ocrx_word' id='word_1_432' title='bbox 779 2719 906 2766; x_wconf 81' lang='lat' dir='ltr'><strong>potitus</strong></span> <span class='ocrx_word' id='word_1_433' title='bbox 920 2719 1071 2766; x_wconf 81' lang='lat' dir='ltr'><strong>imperio,</strong></span> <span class='ocrx_word' id='word_1_434' title='bbox 1093 2720 1174 2754; x_wconf 86' lang='lat' dir='ltr'><strong>licet</strong></span> <span class='ocrx_word' id='word_1_435' title='bbox 1188 2720 1216 2754; x_wconf 90' lang='lat' dir='ltr'><strong>is</strong></span> <span class='ocrx_word' id='word_1_436' title='bbox 1231 2731 1251 2754; x_wconf 84' lang='lat' dir='ltr'><strong>a</strong></span> <span class='ocrx_word' id='word_1_437' title='bbox 1265 2725 1361 2754; x_wconf 84' lang='lat' dir='ltr'><strong>recta</strong></span> <span class='ocrx_word' id='word_1_438' title='bbox 1375 2718 1478 2754; x_wconf 84' lang='lat' dir='ltr'><strong>sacris</strong></span> <span class='ocrx_word' id='word_1_439' title='bbox 1493 2719 1526 2753; x_wconf 87' lang='lat' dir='ltr'><strong>in</strong></span> <span class='ocrx_word' id='word_1_440' title='bbox 1540 2719 1641 2753; x_wconf 84' lang='lat' dir='ltr'><strong>rebus</strong></span> <span class='ocrx_word' id='word_1_441' title='bbox 1658 2717 1713 2752; x_wconf 69' lang='lat' dir='ltr'><strong>vis</strong></span> 
     </span>
    </p>
   </div>
  </div>
 </body>
</html>
