1774 3002
123 639 158 671 p.
184 636 234 659 xv

377 592 501 662 10.
548 587 815 662 FRID.
861 590 1577 661 REITEMEIERI

253 726 920 799 DISQUISITIO
1027 728 1119 784 IN
1224 719 1697 786 ZOSIMUM

637 857 1004 913 EIUSQUE
1053 857 1324 901 EIDEM.

66 1126 165 1165 Quae
195 1123 239 1158 de
260 1095 368 1164 Etsi
396 1121 578 1160 Zosimus
603 1134 684 1159 non
705 1128 787 1159 tam
809 1121 1015 1162 adversam
1034 1137 1080 1161 ac
1100 1120 1264 1177 quidam
1285 1122 1355 1159 alii
1375 1120 1581 1160 vetustatis
1603 1117 1702 1158 scri-

80 1170 215 1203 zosimo

65 1220 235 1250 constant.

261 1196 394 1241 ptores
423 1197 609 1240 expertus
636 1195 695 1227 est
721 1190 940 1239 fortunam,
971 1203 1140 1242 quorum
1156 1197 1312 1240 praeter
1329 1202 1477 1226 nomen
1497 1201 1543 1225 ac
1560 1189 1704 1239 scripta

262 1256 364 1294 nihil
393 1256 502 1294 aliud
530 1255 582 1293 ad
608 1257 746 1293 aetatis
766 1263 921 1294 nostrae
937 1257 1170 1295 memoriam
1189 1257 1389 1308 pervenit,
1417 1253 1527 1292 haud
1547 1255 1704 1292 meliori

262 1332 396 1362 tamen
414 1323 466 1361 ad
481 1325 604 1361 vitam
623 1324 706 1360 eius
723 1322 1034 1374 pernoscendam
1051 1337 1254 1362 versamur
1269 1324 1356 1361 loco
1370 1336 1490 1375 quam
1506 1323 1541 1360 si
1558 1335 1706 1360 nomen

263 1393 347 1429 eius
367 1404 526 1442 prorsus
546 1391 642 1428 olim
660 1391 883 1441 ignoratum
904 1398 972 1429 aut
990 1404 1013 1429 a
1033 1392 1143 1430 nullo
1160 1398 1339 1430 veterum
1355 1397 1706 1428 commemoratum

262 1460 416 1496 fuisset.
475 1460 544 1511 qui
564 1459 671 1495 enim
688 1459 941 1509 antiquorum
961 1457 1009 1495 de
1025 1460 1183 1497 Zosimo
1202 1460 1365 1511 eiusque
1382 1458 1494 1496 libris
1509 1456 1706 1496 historicis

263 1525 481 1574 disserunt,
510 1527 704 1576 Euagrius
724 1524 890 1563 Photius
909 1532 948 1563 et
963 1524 1228 1578 Nicephorus,
1255 1526 1409 1563 nomini
1426 1526 1549 1576 ipsius
1570 1537 1707 1563 omnes

262 1594 398 1631 infesti
424 1594 747 1644 exagitantesque
775 1606 868 1630 eum
889 1601 933 1631 ut
961 1592 1162 1631 addictum
1185 1593 1463 1645 superstitiosis
1487 1593 1606 1630 sacris
1629 1590 1708 1629 ho-

263 1662 435 1709 minem,
464 1673 539 1697 nec
568 1661 781 1711 quicquam
812 1659 980 1698 afferunt
1003 1660 1109 1713 quod
1126 1660 1177 1698 ad
1193 1662 1316 1698 vitam
1335 1660 1486 1698 Zosimi
1502 1659 1708 1696 illustran-

264 1726 359 1765 dam
379 1740 425 1764 ac
443 1728 586 1778 scripta
607 1728 690 1765 eius
707 1728 849 1765 rectius
871 1725 1121 1764 diiudicanda
1138 1729 1326 1765 inservire
1343 1727 1481 1778 possit.
1537 1727 1580 1763 in
1597 1732 1707 1764 tanta

264 1807 404 1832 eorum
431 1794 644 1845 cupiditate
671 1793 905 1832 traducendi
933 1802 972 1831 et
999 1793 1227 1845 exagitandi
1251 1796 1456 1832 Zosimum
1482 1793 1518 1832 si
1543 1791 1640 1845 quid
1656 1794 1706 1830 iis

263 1863 497 1899 innotuisset
514 1875 591 1914 quo
609 1863 827 1913 potuissent
838 1863 990 1899 famam
1005 1875 1229 1914 nomenque
1247 1863 1332 1914 eius
1350 1861 1583 1913 adspergere
1601 1858 1708 1911 apud

263 1935 442 1979 posteros
461 1941 506 1965 ac
525 1928 644 1966 fidem
665 1931 840 1980 elevare,
869 1943 950 1967 non
971 1931 1161 1968 omissum
1180 1929 1224 1966 id
1246 1930 1295 1966 ab
1315 1929 1485 1966 inimicis
1505 1929 1588 1965 eius
1603 1927 1707 1965 fuis-

263 2002 338 2034 set.
396 1996 649 2032 manifestum
678 1998 811 2048 itaque
841 2003 899 2034 est
924 2003 1270 2034 monumentorum
1296 1996 1430 2045 inopia
1456 1992 1566 2031 haud
1591 1995 1708 2045 plura.

264 2061 315 2100 de
343 2075 389 2099 eo
413 2060 594 2099 tradendi
618 2064 772 2113 copiam
789 2063 913 2100 fuisse
935 2074 1057 2113 quam
1079 2073 1180 2113 quae
1205 2075 1257 2099 ex
1274 2062 1398 2113 ipsius
1417 2063 1572 2113 scriptis
1591 2062 1707 2099 colli-

264 2142 358 2181 gere
386 2135 424 2166 et
451 2129 679 2181 conquirere
699 2131 850 2168 liceret.
908 2141 1029 2180 quare
1047 2142 1138 2166 cum
1155 2142 1201 2166 ea
1217 2129 1336 2167 nobis
1351 2130 1403 2167 sit
1421 2129 1464 2166 in
1479 2130 1603 2167 vitam
1622 2130 1706 2167 eius

263 2196 551 2248 inquirentibus
571 2195 747 2235 condicio
760 2225 771 2246 ,
800 2202 845 2234 ut
861 2196 981 2233 alieni
996 2195 1162 2234 subsidii
1180 2210 1250 2248 spe
1265 2197 1436 2235 abscissa
1452 2197 1707 2249 acquiescen-

266 2262 364 2301 dum
381 2264 432 2301 sit
451 2264 494 2300 in
510 2264 560 2301 iis
581 2262 700 2302 modo
723 2264 839 2303 rebus
859 2276 960 2316 quae
978 2262 1107 2301 studio
1127 2277 1172 2301 ac
1190 2265 1358 2301 lectione
1376 2263 1534 2302 assidua
1549 2277 1603 2302 ex
1621 2264 1707 2302 eius

265 2329 430 2369 historia
457 2331 608 2382 possint
634 2332 738 2380 erui,
767 2345 813 2369 eo
840 2331 1054 2381 impensIor
1076 2331 1120 2368 iu
1148 2331 1198 2368 iis
1228 2330 1430 2369 eliciendis
1461 2345 1555 2370 cura
1572 2337 1707 2370 nostra

265 2411 352 2435 esse
382 2396 515 2446 debet,
548 2405 693 2451 quanto
718 2400 845 2436 maior
863 2396 981 2436 huius
1001 2398 1232 2448 cognitionis
1252 2412 1346 2436 usus
1367 2412 1451 2437 esse
1468 2406 1597 2451 potest
1616 2410 1708 2436 cum

264 2464 317 2501 ad
345 2466 542 2517 scriptoris
570 2465 777 2502 consilium
796 2465 974 2503 soHerter
992 2464 1323 2515 examinandum,
1351 2473 1438 2504 tum
1454 2467 1706 2518 potissimum

265 2529 317 2566 ad
338 2530 458 2568 fidem
477 2532 560 2570 eius
581 2534 797 2571 accuratius
816 2533 1101 2585 explorandam
1119 2547 1166 2572 ac
1183 2532 1491 2572 diiudicandam.
1508 2532 1552 2584 ¹⁸)

356 2653 396 2696 ‘)
433 2653 487 2687 De
501 2653 635 2688 Zosimo
650 2653 721 2688 vid.
734 2654 887 2690 Fabricii
900 2654 988 2690 Bibl.
1003 2655 1068 2690 Gr.
1085 2655 1142 2690 t.3
1154 2666 1191 2701 p.
1201 2654 1277 2690 605.
1311 2653 1447 2689 Hankia·
1462 2652 1589 2699 Script.
1606 2653 1703 2687 Rom.

263 2708 296 2743 p.
316 2701 334 2735 1
351 2709 385 2743 p.
404 2701 469 2734 180
485 2704 519 2733 et
532 2711 567 2745 p.
584 2701 608 2734 2
624 2712 656 2745 p.
671 2701 748 2736 316.
