1812 3016
397 127 840 172 comum-imus
881 127 1234 172 msromcns.
1449 127 1548 197 339

194 237 251 290 p.
263 233 315 279 88
331 249 370 275 v.
391 238 460 278 10.
517 235 567 275 de
584 237 756 275 Gallieni
774 235 894 275 caede
911 236 1134 290 discrepant
1151 238 1254 276 inter
1267 250 1310 277 se
1324 238 1546 292 scriptores,

98 293 278 333 Trebell.
297 293 427 332 Pollio
449 292 515 343 14,
539 294 654 333 Sext.
674 294 812 332 Aurel.
835 294 946 332 Caes.
969 297 1037 336 38.

97 429 169 466 111.
210 427 578 467 IMPERATORES
597 429 634 466 A
654 428 875 467 CLAUDIO
894 428 1061 475 USQUE
1078 428 1151 465 AD
1172 403 1546 468 CONSTANTiUM

106 486 115 494 ¹
451 495 764 534 REGNANTES
798 496 846 547 (1.
869 496 893 536 1
915 509 949 533 c.
970 493 1186 547 41—71).

208 584 379 622 Historia
398 583 680 635 imperatorum
697 590 786 622 ante
805 583 1015 622 Claudium
1036 585 1305 635 epitomatoris
1321 598 1431 623 more
1451 586 1553 624 bre-¹
1567 598 1591 623 ο

37 634 39 636 ’
96 640 200 678 viter
214 641 430 691 perstricta,
459 642 708 691 sequentium
726 647 948 691 temporum
968 652 1029 678 res
1049 643 1130 678 iam
1149 642 1279 688 latius,
1303 640 1351 678 de
1373 643 1543 693 Eunapii

98 695 208 734 libris
231 695 492 747 depromptas,
522 695 675 734 tradere
695 698 875 734 instituit.
905 695 1176 734 deficientibus
1198 698 1284 735 aliis
1303 698 1412 735 libris
1436 698 1543 736 uude

97 750 216 789 huius
235 753 358 803 possit
375 753 574 789 intervalli
593 750 754 790 historia
770 754 863 803 peti,
886 765 987 804 quae
1007 752 1054 790 de
1077 766 1123 790 ea
1144 754 1257 790 nobis
1277 754 1543 803 innotuerunt,

98 819 146 845 ea
163 808 243 845 sere
262 809 392 846 omnia
403 808 564 846 Zosimo
584 806 787 858 debentur,
810 809 895 846 sine
916 822 992 861 quo
1012 811 1055 846 in
1072 807 1147 861 hac
1162 810 1276 847 nobis
1295 817 1405 860 parte
1424 811 1544 862 plane
1622 814 1630 818 '

97 862 395 901 caecutientium
418 864 534 901 foret.

207 929 262 967 ib.
283 943 322 968 v.
343 932 409 971 19.
468 930 721 970 Casaubonus
751 930 803 969 ad
823 930 945 970 Treb.
962 930 1184 970 Pollionem
1214 932 1255 968 in
1279 931 1442 971 Claudio
1467 947 1500 971 c.
1518 937 1545 976 6

97 986 325 1034 szm'vovg
349 986 557 1035 emendat,
598 990 693 1025 satis
719 996 832 1039 apte:
861 1001 955 1025 nam
979 989 1150 1024 Peucini
1174 996 1364 1025 vocantur
1391 982 1545 1027 in‘s‘ulae

94 1042 272 1090 Peume,
310 1040 361 1079 ad
381 1043 525 1080 ostium
542 1042 716 1081 Danubii
739 1043 976 1090 adiacentis,
1016 1042 1254 1081 habitatores
1267 1073 1277 1091 ,
1315 1046 1457 1096 quibus
1477 1048 1543 1083 iu-

94 1098 340 1136 cursantibus
359 1101 521 1136 comites
542 1099 700 1136 suerunt
718 1101 916 1151 Trutungi
932 1101 1071 1137 Heruli
1089 1106 1127 1137 et
1147 1101 1215 1137 alii
1229 1101 1367 1151 populi
1376 1102 1543 1139 Germa-

93 1155 207 1192 nicae
229 1166 274 1191 ac
295 1154 535 1192 Sarmaticae
555 1156 731 1206 originis.

204 1234 247 1272 p.
266 1222 320 1262 39
340 1233 380 1258 v.
401 1223 438 1262 1.
497 1222 750 1260 casaubonus
777 1221 1005 1260 auctoritate
1036 1219 1158 1260 Treb.
1188 1221 1381 1260 Pollionis
1413 1222 1473 1274 (c.
1502 1224 1543 1272 8,

95 1276 215 1314 etiam
230 1278 432 1314 Ammiani
450 1276 502 1319 31
529 1278 573 1327 5)
606 1286 709 1316 recte
731 1278 941 1316 emendare
965 1277 1120 1315 videtur
1141 1277 1181 1324 ἐς
1201 1278 1264 1315 vel
1287 1276 1342 1325 ὥς
1362 1278 1543 1330 δισχίλια.

56 1343 57 1346 ’
94 1345 184 1370 cnm
201 1333 456 1370 barbarorum
472 1346 684 1371 numerum
706 1333 876 1372 eundem
895 1333 1063 1382 tradant,
1094 1332 1242 1371 scilicet
1262 1336 1438 1382 320000,
1468 1348 1543 1372 ne-

93 1401 202 1426 cesse
221 1396 280 1426 est
297 1384 619 1441 unamquamque
641 1402 798 1438 navem,
820 1393 855 1428 si
873 1403 1009 1428 omnes
1025 1390 1180 1441 aequali
1201 1391 1304 1426 inter
1321 1403 1364 1427 se
1380 1392 1541 1441 magni-

91 1443 229 1482 tudine
245 1445 419 1494 fuerunt,
439 1452 615 1496 portasse
636 1448 714 1488 150
731 1445 915 1485 homines
933 1459 986 1484 ex
1001 1448 1151 1484 ratione
1169 1446 1374 1494 Pollionis,
1390 1447 1542 1484 Zosimi

91 1510 184 1539 vero
209 1501 264 1543 50
283 1499 417 1539 modo.

202 1565 257 1605 ib.
279 1580 319 1606 v.
344 1567 410 1609 19.
464 1566 679 1619 Pelagonia
698 1581 788 1620 pars
807 1568 1074 1607 Macedoniae.
1131 1567 1212 1606 rid.
1234 1567 1374 1606 Strabo
1393 1570 1418 1610 8
1437 1575 1540 1607 extr.

97 1622 244 1661 Gellar.
303 1624 380 1661 fuit
401 1625 442 1660 in
461 1622 537 1661 hac
555 1625 647 1662 urbs
670 1624 853 1662 Doberus
876 1626 957 1662 iam
976 1623 1081 1675 apud
1099 1623 1380 1677 Thucydidem
1409 1625 1539 1662 obvia.

90 1678 268 1718 Athenas
287 1679 428 1717 eodem
446 1686 623 1731 tempore
641 1681 805 1718 afflictas
825 1687 958 1717 narrat
975 1682 1150 1717 Zonaras
1172 1683 1223 1720 12
1251 1681 1319 1720 26.

201 1759 244 1796 p.
265 1744 320 1787 40
338 1756 378 1783 v.
396 1749 436 1787 2.
493 1758 627 1797 pugna
649 1757 750 1798 quae
765 1744 832 1783 hic
852 1753 1044 1794 narratur,
1074 1746 1177 1783 facta
1201 1752 1259 1783 est
1281 1743 1331 1782 ad
1352 1746 1538 1783 Naissum

89 1801 135 1839 in
155 1801 306 1839 Moesia
325 1802 537 1853 superiore,
568 1802 676 1854 quod
692 1804 778 1853 ipse
803 1803 984 1839 Zosimus
1004 1802 1162 1840 subiicit
1181 1815 1215 1839 c.
1235 1800 1303 1841 45.
1333 1802 1395 1839 H.

147 1925 173 1965 6
202 1867 324 1965 ibig.
343 1868 384 1910 5.
442 1866 491 1906 de
523 1882 568 1907 eo
597 1869 703 1906 bello
723 1867 909 1922 Scythico
941 1869 992 1906 cf.
1017 1869 1140 1907 Treb.
1157 1868 1285 1907 Pollio
1306 1868 1349 1904 in
1371 1866 1538 1905 Claudio

90 1937 126 1962 c.
181 1945 239 1953 —-
303 1950 316 1963 .

199 2004 242 2043 p.
262 1990 316 2032 41
341 2003 381 2029 v.
401 1992 443 2031 3.
498 1991 695 2043 Babyloni
714 1992 948 2044 Aegyptiae.
985 1991 1126 2031 Strabo
1142 1991 1170 2029 1.
1195 1993 1245 2032 17
1265 1988 1314 2027 de
1332 1991 1538 2041 Aegypto:

86 2044 284 2099 Βαβυλών
314 2043 512 2101 φρούριον
541 2044 736 2102 ἐρυμνόν,
775 2045 1036 2090 ἀποστάντων
1064 2048 1244 2090 ἐνταῦθα
1269 2047 1537 2099 Βαβυλωνίων

87 2105 226 2146 τινῶν.
286 2103 431 2141 cellar.

200 2169 255 2208 ib.
278 2183 318 2208 v.
343 2173 407 2212 17.
455 2184 583 2221 prope
609 2170 686 2208 duo
716 2170 830 2207 milla
856 2170 1029 2208 militum
1058 2184 1086 2207 a
1109 2171 1254 2221 paucis
1274 2168 1472 2214 barbaris,
1500 2175 1537 2204 et

89 2228 140 2264 iis
157 2223 446 2278 quisugerent,
473 2229 696 2277 interempti
709 2234 814 2263 sunt.
873 2228 911 2264 T
914 2228 995 2264 reb.
1014 2227 1143 2265 Pollio
1166 2225 1305 2264 Claud.
1330 2239 1362 2262 c.
1385 2226 1452 2264 11.

201 2306 243 2344 p.
266 2296 319 2335 43
340 2306 380 2330 v.
407 2296 445 2335 3.
503 2294 662 2331 finitimi
692 2295 742 2331 iis
773 2293 934 2331 fuerunt
954 2294 1234 2331 'Marcomanni
1265 2300 1303 2330 et
1332 2290 1535 2341 Iuthungi,

90 2360 260 2400 quorum
285 2351 570 2387 incursantium
594 2350 691 2387 fines
720 2351 918 2387 Romanos
943 2351 1092 2387 mentio
1112 2348 1226 2386 'facta
1252 2347 1358 2399 apud
1378 2348 1535 2398 Dexip-

88 2417 187 2455 pum
208 2414 247 2442 et
267 2406 494 2456 Vopiscum.
533 2407 692 2443 fuerunt
710 2405 761 2443 ad
777 2413 949 2444 trecenta
966 2406 1078 2443 milia
1096 2403 1318 2443 hominum.

201 2470 255 2508 ib.
279 2485 318 2508 v.
335 2474 377 2512 7.
435 2471 476 2512 ἐν
499 2477 586 2520 ταῖς
611 2471 703 2525 περὶ
727 2469 795 2512 τὸν
815 2470 968 2525 Ἴστρον
988 2471 1182 2523 ἐσχατιαῖς
1203 2470 1293 2521 (ubi
1310 2468 1425 2506 ambo
1446 2468 1537 2506 No-

89 2527 165 2563 rici
181 2534 312 2572 erant,
338 2529 486 2565 Zosim.
506 2529 532 2568 5
563 2529 649 2580 50).
708 2529 891 2580 Dexippo
912 2535 1069 2566 auctore
1091 2525 1292 2576 Iuthungi,
1315 2538 1404 2562 cum
1423 2526 1536 2562 urbi-

87 2581 163 2620 bus
186 2582 238 2619 ad
257 2586 400 2621 Istrum
420 2587 574 2622 vexatis
597 2585 736 2622 Italiae
753 2585 984 2633 imminent,
1015 2584 1094 2620 fusi
1113 2584 1318 2633 fugatique
1337 2581 1384 2618 ab
1404 2583 1535 2618 Aure-

87 2636 196 2676 liano
227 2645 266 2676 et
286 2641 448 2677 traiecto
478 2642 578 2678 Istro
607 2654 630 2678 a
655 2643 844 2679 Romanis
870 2642 966 2692 fuga
993 2640 1149 2685 afflicti,
1180 2650 1271 2688 pars
1296 2635 1533 2684 ceciderunt,

89 2693 232 2745 reliqui
266 2695 315 2732 ab
353 2697 589 2747 imperatore
630 2708 771 2748 pacem
806 2700 1025 2748 petierunt,
1074 2701 1173 2732 teste
1203 2694 1341 2732 Aurel.
1378 2692 1534 2732 Victore

91 2747 144 2797 (c.
165 2749 252 2798 35).
