1812 3016
254 69 353 119 346
794 69 1156 116 REITEMEIERI

311 180 380 234 10)
408 181 581 220 Honorio
599 183 702 233 Aug.
719 183 744 223 6
763 195 870 220 cons.
895 180 1071 220 ducentis
1092 182 1205 221 annis
1229 194 1350 235 quam
1369 195 1393 220 a
1411 181 1556 223 Severo
1575 184 1692 224 insti-

362 239 438 275 tuti
454 239 625 276 fuerunt.
682 237 888 276 Claudian.
903 240 1097 292 Panegyr.
1117 240 1159 276 iu
1178 241 1203 280 6
1223 252 1329 277 cons.
1349 242 1525 279 Honor-ii.

253 293 303 333 de
323 293 428 334 ludis
446 295 708 334 saecularibus
731 296 958 334 Panvinius
975 295 1122 334 librum
1150 296 1391 346 singularem
1415 298 1613 349 vulgavit,
1651 304 1692 336 et

250 352 298 389 P.
331 352 509 401 Taffimw
537 351 585 388 de
615 365 716 389 anuo
747 358 785 388 et
810 350 916 388 ludis
941 351 1218 389 saecularibus.
1277 365 1331 390 ex
1350 354 1481 392 numis
1501 367 1589 392 eam
1606 367 1691 392 rem

250 408 461 446 illustravit
482 407 745 458 Spanhemizw
764 406 812 444 de
833 415 976 458 praest.
992 421 1103 445 num.
1125 415 1154 445 t.
1175 411 1203 450 2
1221 421 1262 459 p.
1285 409 1530 450 123—131.
1561 409 1691 449 eidem

252 462 510 514 explicandae
541 477 700 514 operam
726 463 917 504 dederunt
941 470 1266 502 commentatores
1295 465 1338 501 in
1359 467 1513 502 Horatii
1533 479 1691 503 carmen

252 520 475 569 saeculare,
513 521 673 559 Vossius
705 518 754 557 de
776 520 919 572 Sibyll.
950 521 1062 558 Orac.
1093 534 1126 558 c.
1153 522 1179 563 9
1215 527 1255 561 et
1276 521 1493 560 Politianus
1523 522 1692 561 Miscell.

362 645 402 683 p.
421 633 475 672 72
494 645 532 668 v.
553 630 593 672 5.
649 630 765 670 ludos
791 632 1009 670 saeculares
1037 632 1238 682 neglectos
1253 633 1375 670 fuisse
1396 634 1577 671 similiter
1594 646 1691 671 con-

254 689 430 739 queritur
449 689 581 726 Victor
600 689 710 726 Caes.
730 702 763 725 c.
780 690 854 728 28:
875 695 1010 725 nostra
1027 702 1179 739 quoque
1196 695 1340 734 aetate,
1362 696 1457 738 post
1471 689 1581 727 mille
1598 702 1691 726 cen—

253 745 411 784 tesimus
438 744 594 781 consule
619 744 808 798 Philippo
834 746 1009 789 excessit,
1051 744 1191 789 nullis,
1233 747 1294 781 uti
1320 746 1433 790 solet,
1468 744 1691 786 solennibus

240 800 538 853 frequentatus:
568 801 665 838 acleo
679 802 722 840 in
739 801 820 839 dies
837 814 934 838 cura
955 801 1120 839 minim
1139 801 1348 840 Romanae
1364 801 1494 841 urbis.

523 934 570 973 v.
627 934 1022 974 coNSTANTsz
1053 935 1105 988 (1.
1123 939 1150 978 2
1174 949 1206 974 0.
1228 934 1423 988 8-39).

363 1023 577 1060 Historiam
596 1024 839 1062 Constantini
861 1022 1075 1061 delineanti
1093 1025 1250 1063 Zosimo
1277 1025 1445 1076 praeivit
1466 1023 1692 1075 Eunapius:

252 1077 346 1117 huic
365 1093 457 1116 vero
476 1081 544 1131 qui
564 1087 602 1116 et
623 1081 759 1132 quales
782 1081 928 1118 fuerint
948 1080 1080 1130 duces,
1111 1083 1183 1119 etsi
1203 1088 1360 1123 amore
1381 1081 1599 1119 sozomeno
1619 1076 1642 1120 1
1665 1081 1692 1120 3

255 1137 364 1172 illius
402 1137 488 1174 aevi
521 1149 602 1173 nou
636 1137 755 1174 fuerit
785 1135 1058 1174 historicorum
1093 1139 1279 1188 penuria,
1327 1139 1529 1188 ignoratur
1558 1143 1693 1173 tamen

254 1194 428 1240 omnino,
459 1199 502 1229 ut
517 1206 567 1229 ne
589 1192 843 1231 coniectando
861 1192 1023 1244 quidem
1045 1207 1110 1231 eos
1129 1195 1298 1245 reperire
1314 1194 1452 1241 liceat,
1483 1191 1692 1244 siquidem,

253 1255 410 1299 praeter
431 1250 699 1299 Praxagoram
711 1279 721 1298 ‚
751 1250 958 1300 gentilium
977 1248 1395 1301 historiographorum,
1418 1247 1566 1302 'quibus
1585 1245 1694 1284 haud

255 1304 372 1341 dubie
392 1306 485 1342 solis
507 1307 709 1355 Eunapius
729 1305 848 1342 fidem
868 1304 1019 1353 habuit,
1042 1307 1199 1343 nullum
1218 1304 1324 1342 aliud
1346 1304 1397 1342 ad
1414 1312 1588 1342 nostram
1605 1317 1694 1341 me·-

252 1362 420 1398 moriam
442 1360 595 1398 duravit
614 1375 774 1399 nomen.
831 1374 951 1412 quam
971 1374 1102 1411 presse
1119 1363 1344 1412 Eunapium
1364 1369 1519 1399 secutus
1539 1362 1590 1397 sit
1612 1362 1694 1397 zo·-

253 1418 398 1464 simus,
438 1416 503 1464 id,
545 1430 634 1453 cum
663 1419 818 1455 nullum
839 1424 1034 1467 superstes
1058 1419 1108 1454 sit
1135 1418 1400 1467 fragmentum
1419 1418 1590 1466 Eunapii
1615 1414 1695 1452 huo

252 1473 424 1520 faciens,
463 1473 723 1523 comparando
743 1474 964 1523 intelligere
984 1480 1022 1510 et
1045 1472 1259 1510 diiudicare
1285 1474 1366 1510 iam
1389 1486 1470 1510 non
1496 1473 1609 1509 licet:
1641 1484 1694 1511 ex

252 1527 394 1566 Photio
415 1536 545 1584 tamen
558 1559 568 1576 ,
599 1532 668 1581 qui
685 1537 891 1581 utramque
911 1530 1060 1579 legerat
1077 1528 1278 1567 historiam
1292 1558 1303 1577 ‚
1332 1531 1426 1566 satis
1448 1535 1597 1566 constat
1612 1529 1694 1564 Zo-

253 1586 398 1622 simum
418 1584 697 1623 modestiorem
718 1588 760 1623 in
773 1587 1083 1633 Constantinum,
1105 1599 1183 1623 non
1204 1584 1343 1626 eadem
1363 1592 1480 1636 atque
1491 1585 1694 1634 Eunapius

225 1650 230 1654 ·
253 1642 464 1679 acerbitate
487 1654 577 1680 eum
597 1649 635 1679 et
650 1640 900 1679 vehementia
921 1643 1155 1692 exagitasse.
1187 1655 1238 1678 ne
1255 1648 1390 1679 tamen
1408 1640 1527 1677 fidem
1544 1641 1695 1679 Zosimi

251 1700 295 1736 in
314 1696 387 1735 hae
405 1697 655 1738 historiarum
675 1706 784 1749 parte
803 1699 979 1738 maxime
1000 1704 1221 1749 suspectam
1234 1699 1430 1748 possimus
1450 1698 1522 1734 rite
1538 1702 1576 1734 et
1598 1695 1695 1735 sub-

253 1755 375 1792 tiliter
399 1755 604 1805 explorare
619 1784 629 1802 ‚
670 1754 713 1794 id
729 1761 863 1792 vetant
886 1768 977 1792 cum
993 1755 1090 1802 alia,
1121 1761 1207 1791 tum
1225 1752 1442 1791 ceterorum
1463 1754 1694 1803 scriptorum

255 1812 325 1862 qui
354 1810 402 1847 de
431 1812 686 1848 Constantino
715 1812 954 1861 scripserunt
984 1812 1192 1848 auctoritas
1222 1811 1322 1847 levis
1351 1821 1396 1846 ac
1425 1808 1568 1857 dubia,
1607 1813 1695 1846 tum

252 1869 522 1903 narrationum
539 1867 709 1905 brevitas
729 1874 767 1904 et
788 1868 942 1905 consilii
961 1866 1178 1904 diversitas.
1233 1865 1424 1906 hahemus
1446 1865 1695 1915 Eutropium,

255 1924 452 1960 Victorem
477 1929 708 1975 utrumque,
754 1936 996 1975 anonymum
1023 1923 1191 1970 Valesii,
1240 1923 1443 1969 Orosium,
1484 1923 1693 1968 Zonaram‚

253 1991 335 2015 nou
359 1977 633 2017 historicorum
655 1978 725 2016 sed
744 1981 1044 2030 epitomatorum
1065 1991 1229 2016 numero
1252 1976 1480 2024 censendos,
1511 1983 1549 2013 et
1566 1977 1695 2012 Ense-»-

255 2034 379 2081 bium,
400 2036 659 2082 Lactantium‚
679 2034 1000 2086 Pliilostorglmn,
1018 2036 1231 2082 Socratem,
1254 2035 1530 2079 Sozomwum,
1555 2030 1695 2069 Theo-

257 2089 437 2127 doretum
449 2119 458 2137 ‚
499 2092 733 2140 Evagrium,
767 2090 1076 2132 Christianorum
1088 2120 1098 2138 ,
1127 2103 1205 2127 non
1223 2092 1281 2129 rei
1297 2089 1476 2140 publicae
1494 2091 1694 2126 Romanae

257 2159 319 2183 res
341 2145 559 2194 tradentes;
602 2153 801 2197 praeterea
823 2148 936 2187 nobis
956 2155 1046 2185 sunt
1061 2147 1314 2198 Panegyrici‚
1345 2146 1518 2183 Iulianus
1533 2173 1544 2192 ,
1572 2143 1696 2180 Liba-

255 2204 359 2250 nius,
388 2202 438 2239 ad
458 2203 534 2239 alia
554 2202 714 2254 quidem
730 2204 859 2251 utiles,
882 2217 904 2240 a
924 2204 1084 2243 consilio
1103 2210 1236 2240 tamen
1254 2200 1439 2238 historiae
1455 2212 1695 2251 componen-

258 2257 331 2296 dae
363 2258 630 2297 abhorrentes.
687 2261 729 2295 in
762 2266 845 2295 tam
879 2273 1020 2310 parum
1063 2260 1166 2296 laeta
1204 2257 1476 2296 historicorum
1500 2256 1696 2295 nobilium

257 2323 411 2366 segete,
455 2316 604 2352 clarum
633 2328 678 2352 ao
700 2317 950 2368 perspicuum
973 2322 1031 2352 est
1050 2328 1101 2352 ex
1117 2316 1166 2352 iis
1185 2315 1337 2364 scriptis
1357 2325 1456 2364 quae
1474 2319 1696 2363 temporum

257 2379 466 2423 supersunt
491 2373 658 2408 iniuriae
691 2373 878 2421 exiguam
906 2373 1117 2410 utilitatem
1142 2369 1192 2407 ad
1222 2369 1343 2408 fidem
1367 2370 1517 2406 Zosimi
1548 2365 1696 2405 diiudi-

258 2428 425 2467 caudam
448 2426 688 2474 redundare3
728 2439 847 2478 quam
876 2429 910 2464 si
938 2429 980 2466 in
1008 2428 1094 2465 aliis
1118 2425 1322 2466 ferendam
1352 2423 1500 2462 dixeris
1517 2426 1697 2475 iniquam

257 2492 417 2533 sortem,
446 2485 610 2521 minime
626 2490 760 2520 tamen
782 2484 1023 2534 temporibus
1042 2483 1296 2528 Constantini,
1320 2494 1451 2520 rerum
1470 2475 1697 2516 mem’oran-

259 2540 399 2578 darum
437 2542 549 2591 copia
582 2538 760 2578 fecundis
797 2546 835 2576 et
862 2541 1092 2577 narrationis
1128 2537 1350 2578 diversitate
1380 2543 1419 2574 et
1443 2534 1537 2572 fidei
1565 2535 1696 2572 malae

257 2599 479 2647 suspicione
502 2597 655 2633 vexatis
668 2625 678 2643 ,
713 2594 900 2632 accidisse
921 2596 1127 2632 vellemus.

369 2653 423 2690 ih.
445 2667 483 2690 v.
501 2656 541 2694 7.
598 2651 872 2689 Diocletianus
899 2653 1073 2701 privatus
1102 2651 1204 2687 vixit
1232 2649 1345 2686 annis
1373 2654 1459 2685 octo
1475 2645 1569 2684 inde
1589 2646 1637 2683 ab
1658 2657 1695 2682 a.

256 2708 351 2761 305,
387 2710 511 2748 vitam
526 2708 626 2747 finiit
646 2706 788 2747 eodem
805 2720 843 2746 a.
860 2709 956 2757 313,
986 2719 1107 2760 quem
1125 2704 1243 2744 modo
1265 2703 1558 2756 adscripsimus.
1584 2701 1696 2740 nullo
