1812 3016
242 102 340 148 270
871 107 1067 150 ZOSIMI

242 216 350 270 σχὼν
382 218 449 258 καὶ
475 217 613 270 λαβὼν
647 217 714 260 διὰ
741 218 921 274 Φρυγίας
941 218 1159 276 ’ἀνέστρεψε
1179 221 1246 262 καὶ
1267 221 1443 272 Λυδίας.
1511 222 1691 279 ἐφείπετο

245 286 287 326 δὲ
309 285 419 342 αὐτῷ
436 287 502 327 καὶ
521 283 542 327 ὃ
567 287 825 342 Τριβίγιλδος
835 318 847 338 ,
897 287 964 330 διὰ
989 291 1060 342 τῆς
1080 288 1163 330 ἄνω
1182 290 1349 339 Λυδίας
1369 289 1477 345 ἄγων
1500 291 1594 341 τούς
1613 289 1689 333 ὕπ’

246 353 356 410 αὐτῷ
387 354 667 409 τεταγμένους,
713 353 813 396 ὥστε
839 356 943 409 μηδὲ
974 355 1210 398 θεάσασθαι
1242 356 1315 406 τὰς
1335 355 1526 414 Σάρδεις,
1572 359 1600 414 ἣ
1621 364 1692 414 τῆς

244 423 410 472 Λυδίας
428 422 510 464 ἐστὶ
535 421 793 477 μητρόπολις.
862 425 943 466 ἐπεὶ
967 426 1010 466 δέ
1029 427 1084 474 εἷς
1109 423 1312 480 Θυάτειρα
1331 426 1542 479 συνέμιξαν
1565 426 1692 481 ἀλλή-

247 495 354 541 λοις,
393 490 578 544 μετέμελε
609 495 667 547 τῷ
693 492 938 549 Τριβιγίλδῳ
965 492 1038 542 τὰς
1068 492 1236 550 Σάρδεις
1262 492 1520 549 ἀπορθήτους
1553 495 1724 552 ἃφὲντιᾶ

245 556 384 616 ῥᾴδιον
406 557 451 599 ὃν
473 558 546 613 τὴν
567 557 681 600 πόλιν
699 557 798 600 ἑλεῖν
818 558 950 614 πάσης
970 559 1117 617 ἔρημον
1140 556 1266 603 οὖσαν
1285 562 1523 618 ἐπικουρίας.
1591 563 1702 610 ἀνα·,

245 627 429 683 στρέφειν
452 621 523 668 οὖν
545 626 642 682 ἔγνω
665 626 738 668 σὺν
759 632 817 684 τῷ
829 629 870 668 Γ
867 631 957 684 αἴνῃ
979 630 1045 670 καὶ
1066 628 1138 683 τὴν
1158 628 1392 672 πόλινκατοὶ
1411 628 1556 686 κράτος
1573 629 1693 673 ἑλεῖν·

246 693 320 735 κᾶν
342 695 396 744 εἷς
415 693 528 750 ἔργον
552 695 688 744 αὐτοῖς
707 693 732 749 ἡ
753 694 889 750 γνώμη
910 701 1135 752 προῆλθεν,
1181 699 1216 741 εἷ
1232 697 1290 752 μὴ
1316 696 1523 753 γενόμενος
1539 698 1694 756 ὄμβρος

245 763 417 812 ἐξαίσιος
428 795 440 813 ,
492 765 557 804 καὶ
581 761 653 817 τήν
675 780 715 805 τε
735 767 807 818 γῆν
827 763 1041 815 ἐπικλύσας
1063 767 1130 807 καὶ
1150 766 1245 816 τούς
1263 766 1470 819 ποταμοὺς
1491 766 1694 822 καταστή-

245 847 321 880 σας
341 829 518 887 ἀπόρους
527 862 539 881 ,
573 829 722 885 ταύτην
751 831 884 873 αὐτῶν
915 833 1077 886 ἒνέκοψε
1109 833 1180 889 τὴν
1203 831 1343 891 ὁρμήν.
1412 833 1627 888 διελόμενοι
1650 836 1694 877 δὲ
1707 840 1750 878 10

245 898 317 952 τὴν
337 897 431 939 ὁδὸν
451 893 548 954 ἦγον
567 899 640 948 τὰς
662 897 849 953 δυνάμεις
869 898 890 941 ὃ
907 902 980 954 μὲν
999 902 1040 941 Γ
1037 904 1151 956 α’ῗιής
1172 903 1234 943 ἐπὶ
1255 902 1328 956 τὴν
1344 903 1566 955 Βιθυνίαν,
1602 902 1696 946 ἅτε·-

246 983 317 1023 ρος
347 967 390 1008 δὲ
417 967 478 1008 ἐπὶ
505 965 900 1021 τὸνἛλλήσποντον,
942 969 994 1010 τὰ
1024 970 1065 1011 ἒν
1095 972 1187 1011 ποσὶ
1218 968 1350 1012 πάντα
1379 977 1463 1020 τοῖς
1493 969 1697 1025 ἑπομένοις

245 1036 360 1091 σφίσι
378 1033 608 1091 βαρβάροις
626 1034 804 1085 ἐκδόντες
826 1038 880 1085 εἰς
903 1035 1098 1093 ἁρπαγήν.
1153 1036 1208 1088 ὥς
1231 1039 1274 1080 δὲ
1300 1036 1321 1080 ὅ
1339 1039 1413 1092 μὲν
1431 1038 1504 1092 τὴν
1522 1041 1696 1094 Χαλκη·

246 1101 344 1145 δόνα
367 1104 584 1155 κατέλαβεν
608 1102 627 1144 ὃ
651 1104 694 1145 δὲ
713 1104 763 1146 τὰ
786 1106 872 1161 περὶ
895 1104 966 1159 τὴν
983 1104 1230 1160 Λάμψακον
1255 1104 1355 1160 εἶχε,
1388 1106 1461 1161 τὴν
1480 1107 1554 1160 μέν
1575 1109 1697 1149 Κων-

245 1169 570 1213 σταντινούπολιν
594 1173 660 1213 καὶ
690 1172 814 1226 αὐτὴν
842 1173 914 1227 τὴν
938 1171 1148 1227 Ῥωμαίων
1170 1174 1420 1231 ἐπικράτειαν
1440 1174 1607 1228 ἔσχατος
1625 1192 1694 1218 πε·
1709 1183 1751 1220 15

245 1240 423 1295 ριίστατο
444 1241 646 1290 κίνδυνος,
681 1238 702 1281 ὃ
728 1241 771 1282 δὲ
791 1241 830 1281 Γ
828 1244 942 1296 α’ίϊης
960 1242 1080 1284 αὐτὸν
1096 1241 1181 1297 ᾔτει
1203 1243 1272 1284 τὸν
1290 1243 1461 1296 βασιλέα
1480 1242 1582 1299 πρὸς
1601 1241 1702 1290 {fav-v

244 1307 313 1348 τὸν
334 1306 463 1361 ἥκειν·
513 1308 561 1348 οὐ
579 1308 656 1363 γὰρ
679 1307 728 1349 ἄν
750 1306 870 1365 ἑτέρῳ
888 1310 1000 1365 παρὰ
1024 1309 1167 1352 τοῦτόν
1185 1329 1260 1352 τινι
1285 1312 1562 1361 διαλέξασθαι.
1629 1313 1698 1353 καὶ

244 1375 346 1431 πρὸς
370 1380 486 1417 τοῦτο
519 1376 569 1427 δὴ
595 1380 668 1417 τοῦ
688 1378 887 1429 βασιλέως
907 1375 1110 1428 ἐνδόντος,
1159 1379 1302 1433 ἐγίνετο
1321 1380 1395 1431 μὲν
1415 1377 1441 1433 ἢ
1463 1377 1632 1429 σύνοδος
1657 1379 1698 1420 ἵν

95 1465 130 1490 a,
152 1453 222 1490 400
245 1460 319 1485 τινι
340 1443 417 1499 πρὸ
439 1448 512 1497 τῆς
530 1442 796 1498 Χαλκηδόνος
810 1443 942 1502 τόπῳ,
982 1446 1086 1487 καθ’
1110 1444 1154 1487 ὃν
1171 1445 1284 1496 ὁσίας
1302 1447 1521 1502 Εὖφημίας
1540 1445 1699 1503 μαρτῦ·

245 1528 332 1568 ριον
354 1510 603 1568 ᾠκοδόμητο,
625 1516 743 1566 τιμῆς
766 1512 834 1553 διὰ
854 1513 927 1567 τὴν
943 1516 1031 1570 περὶ
1051 1514 1119 1556 τὸν
1139 1514 1321 1569 λ’ριστὸν
1339 1516 1560 1571 θρησκείαν
1575 1514 1754 1565 ἄξιαι-ω

244 1581 387 1634 θείσης
396 1612 409 1631 ,
452 1578 579 1621 ἐδόκει
601 1597 642 1622 τε
665 1579 735 1622 τὸν
755 1582 796 1620 Γ
793 1583 907 1636 α”ί“νην
929 1584 996 1623 καὶ
1021 1583 1280 1638 Τριβίγιλδον
1300 1582 1379 1624 ἀπὸ
1398 1586 1469 1637 τῆς
1481 1583 1618 1633 Ἀσίας
1634 1584 1698 1624 ἐπὶ

245 1647 317 1702 τὴν
339 1646 539 1704 Εὐρώπην
560 1652 859 1704 περαιωθῆναι,
906 1651 1190 1709 κομιζομένους
1221 1649 1409 1700 ἐκδότους
1436 1651 1499 1692 ἐπὶ
1527 1648 1698 1708 θανάτῳ

245 1715 339 1766 τοὺς
368 1717 575 1769 ἐξέχοντας
593 1721 666 1758 τοῦ
686 1715 975 1772 πολιτεύματος
995 1717 1166 1775 ἄνδρας·
1214 1713 1324 1760 οὗτοι
1355 1719 1399 1760 δὲ
1429 1713 1534 1773 ἦσαν
1550 1719 1698 1775 Αὐρη-

335 1833 359 1867 3
382 1830 485 1878 αὐτῷ
510 1833 555 1875 S,
580 1828 707 1867 αὐτῶν
728 1833 800 1868 LP.
937 1835 981 1869 10
1003 1830 1131 1876 αὐταῖν
1152 1834 1197 1869 S.-
1221 1834 1299 1869 libri
1321 1832 1437 1881 αὐτῷ.

249 1932 429 1968 oramentis
444 1944 507 1977 per
518 1933 703 1978 Phrygiam
719 1934 932 1979 Lydiamque
944 1934 1139 1969 revertitur.
1185 1946 1260 1969 eum
1273 1935 1479 1980 Tribigildus
1494 1947 1516 1970 a
1529 1939 1627 1979 tergo
1642 1947 1700 1970 se·

246 1980 372 2024 quitur,
400 1979 521 2012 milites
538 1990 617 2012 suos
636 1992 697 2024 per
715 1980 856 2024 Lydiam
872 1980 1078 2024 superiorem
1095 1981 1145 2014 ita
1160 1980 1285 2015 ducens
1297 2007 1308 2024 ,
1332 1987 1372 2015 ut
1388 1982 1516 2016 Sardes
1531 1993 1574 2015 ne
1587 1982 1701 2016 intue-

245 2030 339 2058 retur
356 2023 501 2068 quidem,
525 2036 610 2068 quae
628 2025 758 2068 Lydiae
774 2025 971 2069 metropolis
987 2030 1051 2060 est.
1099 2032 1315 2071 posteaquam
1334 2026 1378 2060 ad
1395 2027 1511 2060 urbem
1527 2027 1700 2071 Thyatira

244 2081 282 2103 se
297 2069 564 2109 coniunxissent‚
595 2070 817 2114 Tribigildum
834 2071 1028 2116 paenitebat
1044 2071 1170 2106 Sardes
1185 2072 1227 2105 ab
1243 2083 1280 2105 se
1295 2083 1361 2105 non
1375 2072 1480 2106 fuisse
1494 2075 1592 2106 datas
1607 2072 1700 2106 exci-

246 2115 313 2155 dio,
331 2114 387 2159 qui
405 2115 520 2147 urbem
536 2114 579 2147 ab
596 2116 682 2148 omni
700 2116 893 2150 destitutam
908 2116 1032 2150 auxilio
1047 2116 1210 2161 perfacile
1224 2128 1346 2161 capere
1359 2117 1539 2162 potuisset.
1583 2117 1702 2162 itaque

247 2171 321 2193 cum
339 2159 450 2193 Gaina
464 2159 592 2193 reverti
607 2161 729 2194 statuit
743 2166 780 2194 et
794 2162 910 2196 urbem
925 2161 962 2194 vi
976 2172 1180 2206 expugnare.
1226 2162 1292 2195 hoc
1305 2162 1476 2196 decretum
1490 2173 1609 2208 reapse
1623 2163 1701 2197 fue-

249 2210 327 2239 rant
341 2205 551 2246 exsecuturi,
586 2205 649 2238 nisi
674 2206 812 2251 delapsa
835 2206 953 2251 ingens
976 2207 1091 2252 pluvia
1107 2214 1231 2240 terram
1245 2207 1460 2250 inundasset,
1497 2208 1700 2253 fluminaque

248 2256 430 2294 tantopere
445 2251 592 2283 auxisset
607 2255 644 2283 ut
659 2252 793 2284 transiri
807 2263 874 2285 non
888 2257 1038 2297 possent.
1085 2263 1152 2298 quo
1165 2253 1290 2286 sactum
1306 2257 1345 2286 ut
1359 2253 1414 2286 hic
1427 2253 1576 2297 ipsorum
1592 2253 1702 2287 intera

250 2301 464 2341 rumperetur
478 2296 632 2340 impetus.
679 2296 787 2329 diviso
805 2297 881 2330 hinc
896 2297 1017 2331 itinere
1033 2299 1148 2343 copias
1162 2297 1325 2331 ductitant
1337 2323 1349 2341 ,
1384 2298 1514 2332 Gainas
1527 2299 1562 2332 iu
1577 2298 1701 2342 Bithy-

251 2341 351 2381 niam,
371 2341 459 2374 alter
473 2351 592 2374 versus
607 2340 875 2385 Hellespontum,
891 2344 993 2376 rebus
1009 2343 1171 2385 omnibus,
1194 2354 1283 2387 quae
1297 2347 1404 2377 semet
1418 2343 1595 2386 offerrent,
1617 2345 1702 2382 bar-7

251 2388 406 2421 batorum
431 2385 655 2420 comitantium
679 2386 862 2430 direptioni
884 2388 1065 2422 concessis.
1127 2393 1346 2433 posteaquam
1367 2388 1424 2423 ille
1450 2389 1699 2423 chalcedonem

252 2437 474 2477 pervenerat,
506 2432 558 2465 hic
574 2431 760 2475 Lampsaco
786 2432 925 2466 finitima
940 2434 1090 2478 tenebat,
1117 2438 1264 2467 extremo
1280 2433 1314 2466 in
1329 2434 1479 2478 periculo
1495 2439 1566 2468 tum
1581 2433 1701 2479 Cpolis

250 2484 319 2511 tum
335 2478 442 2522 ipsum
458 2477 633 2522 imperium
650 2477 835 2510 Romanum
852 2478 1064 2513 versabatur.
1104 2478 1233 2512 Gainas
1247 2479 1420 2523 postulare
1437 2484 1473 2512 ut
1487 2489 1526 2512 se
1540 2478 1701 2524 princeps
1734 2495 1740 2500 ·

249 2523 323 2567 ipse
339 2523 552 2556 conveniret:
587 2533 651 2555 nec
666 2522 751 2555 enim
767 2533 804 2554 se
820 2534 893 2555 cum
910 2523 974 2556 alio
990 2535 1159 2568 quoquam
1173 2530 1310 2568 praeter
1323 2524 1430 2568 ipsum
1445 2524 1698 2559 collocuturum.

252 2578 326 2601 cum
353 2569 511 2613 princeps
539 2567 571 2600 in
597 2568 662 2601 hoc
684 2578 816 2611 quoque
837 2568 956 2601 suisset
980 2580 1154 2611 assensus,
1189 2569 1310 2602 coitum
1334 2574 1386 2603 est
1407 2569 1442 2602 in
1459 2569 1603 2614 quodam
1619 2573 1699 2603 ante

253 2613 497 2647 chalcedonem
513 2614 586 2646 loco
599 2639 610 2656 ‚
643 2613 702 2646 ubi
717 2613 925 2656 Euphemiae
947 2613 1129 2655 religiosae
1153 2614 1310 2658 martyris
1329 2614 1430 2647 aedes
1446 2619 1618 2648 exstructa
1630 2619 1702 2647 sta·

252 2659 331 2699 bat3
356 2670 443 2703 quae
484 2663 595 2703 ropter
609 2658 731 2692 cultum
747 2657 883 2691 Christo
902 2660 1098 2703 praestitum
1121 2659 1247 2692 honore
1270 2659 1429 2692 afficitur.
1473 2659 1600 2705 placuit
1614 2659 1702 2693 Gai·
1726 2688 1729 2693 ,

253 2715 326 2736 nam
343 2710 380 2736 et
394 2705 454 2737 Tri
479 2704 614 2749 igildum
630 2714 671 2737 ex
687 2703 768 2736 Asia
782 2703 815 2736 in
829 2703 1001 2748 Europam
1020 2704 1208 2747 transvehi,
1243 2704 1359 2748 eisque
1382 2704 1426 2737 ad
1446 2709 1586 2739 mortem
1608 2703 1702 2739 viros

251 2748 286 2782 in
303 2760 339 2782 re
354 2750 488 2795 publica
506 2748 781 2784 eminentissimos
797 2748 886 2784 dedi.
931 2749 966 2783 hi
980 2754 1078 2783 erant
1091 2749 1302 2790 Aurelianus,
1326 2749 1382 2794 qui
1401 2749 1472 2784 eius
1486 2750 1565 2789 anni
1579 2760 1702 2784 consu-
