1812 3016
294 85 389 133 332
830 92 1188 140 REITEMEIERI

290 195 386 248 μίαν
407 191 532 250 ἆρχὴν
552 197 663 240 ἔπεσε
680 196 756 252 τήν
772 199 973 252 Ῥωμαίων
979 218 994 252 ,·
1032 205 1166 257 itaque
1193 218 1272 244 non
1296 206 1473 246 aberrare
1498 209 1678 249 Zosimus
1702 224 1724 249 a

289 261 420 293 mente
440 256 595 307 Polybii
615 255 769 294 videtur
782 286 793 304 ‚
822 259 904 295 sive
924 273 1058 297 veram
1077 274 1165 298 eam
1184 261 1328 300 dixerit
1349 265 1584 315 populorum
1599 269 1723 304 servi-

289 315 436 359 tutem,
475 314 582 363 sive,
621 312 956 368 quemadmodum
974 317 1225 357 casaubonus
1247 320 1544 372 interpretatur,
1572 323 1723 374 impro-

288 377 428 420 priam.

289 501 342 540 11.
379 501 748 542 IMPERATORES
776 505 1063 544 AUGUSTUM
1091 508 1434 548 EXCIPIENTES
1460 510 1625 559 USQUE
1653 512 1723 550 An

641 560 906 598 CLAUDIUM
933 564 972 599 11
1000 562 1054 615 (1.
1076 564 1100 604 1
1132 577 1166 601 ο.
1185 563 1369 615 5—41).

401 647 507 692 Quae
533 647 577 684 in
601 645 665 686 his
690 649 881 700 capitibus
905 650 1076 688 breviter
1102 659 1141 689 et
1160 651 1211 690 ad
1230 667 1315 690 rem
1335 654 1625 693 accommodate
1641 663 1723 694 tra-

289 699 370 738 dita
389 709 499 751 sunt,
529 705 686 742 Zosimo
713 707 889 743 maxime
917 706 1213 758 suppeditarunt
1234 711 1406 761 Dexippi
1426 724 1515 748 cum
1534 712 1723 763 Synopsis

287 754 485 806 historiae,
515 759 669 797 Claudii
686 774 805 811 regno
821 762 942 810 finita,
972 770 1057 799 tum
1073 763 1268 815 Scythica,
1296 778 1395 817 quae
1415 767 1599 818 Syncello
1621 780 1723 820 quo-

289 825 364 863 que
384 816 473 851 usui
491 815 663 853 fuerunt.
720 830 870 854 errores
890 819 959 869 qui
975 817 1050 855 hac
1067 821 1108 856 in
1126 827 1235 870 parte
1257 829 1483 871 occurrunt,
1525 830 1562 860 et
1579 824 1722 862 obscu-

287 870 380 905 ritas
399 882 498 920 quae
517 873 707 908 nonnulla
718 873 805 909 loca
823 873 986 922 obsidet,
1004 875 1069 912 vel
1088 876 1171 912 sola
1182 876 1406 927 Heracliani,
1427 880 1564 930 optimi
1579 878 1722 918 horum

285 931 508 975 temporum
525 929 744 978 scriptoris,
773 927 936 966 historia
957 931 1045 967 tolli
1066 937 1208 981 potest.

394 995 435 1033 p.
457 986 509 1025 12
526 996 563 1020 v.
586 985 652 1026 12.
689 987 922 1037 pantomimi
943 986 1283 1037 oblectamentum,
1315 987 1422 1040 quod
1440 1003 1575 1029 versos
1587 989 1721 1029 homi-

283 1049 380 1073 num
409 1037 459 1075 ad
485 1038 693 1077 libidinem
715 1043 865 1079 animos
885 1043 1025 1080 molles
1043 1042 1213 1081 reddidit
1231 1051 1269 1081 et
1288 1044 1530 1084 effeminatos
1549 1047 1619 1096 (cf.
1639 1049 1719 1085 Zo-

283 1094 372 1130 sim.
392 1093 418 1135 4
448 1097 522 1143 33,
553 1096 578 1136 5
607 1095 665 1146 7),
699 1095 887 1135 hactenus
905 1106 1007 1135 recte
1028 1106 1156 1149 potest
1174 1098 1314 1137 horum
1337 1107 1558 1152 temporum
1581 1101 1719 1140 haberi

282 1149 509 1199 inventum,
556 1152 663 1202 quod
688 1153 857 1205 Pylades
889 1162 927 1191 et
954 1154 1162 1205 Bathyllus
1193 1157 1439 1195 saltationem
1471 1157 1668 1196 diversum
1694 1171 1719 1197 a

282 1205 485 1244 comoedia
519 1214 637 1259 atque
677 1209 877 1260 tragoedia
916 1209 1092 1262 adeoque
1127 1214 1328 1263 proprium
1363 1213 1523 1264 aliquod
1560 1213 1718 1252 drama-

279 1262 329 1297 tis
367 1275 491 1311 genus
535 1266 829 1303 constituerunt.
919 1267 968 1303 cf.
1005 1268 1221 1306 Salmasius
1260 1267 1312 1305 ad
1344 1270 1500 1320 Vopisci
1531 1270 1717 1308 carinum

280 1329 314 1352 c.
338 1319 401 1356 19.
431 1319 487 1355 R.
523 1332 575 1355 ex
597 1321 699 1357 bono
721 1329 875 1359 auctore
893 1321 1013 1359 habet
1030 1325 1232 1372 Zosimus,
1264 1323 1370 1375 quod
1381 1327 1716 1374 pantomimorum

278 1371 408 1409 studia
444 1384 720 1414 commemorat
752 1378 854 1414 inter
896 1379 1124 1429 praecipuas
1161 1379 1534 1430 corrumpendorum
1558 1394 1715 1422 morum

279 1440 448 1467 caussas.
506 1443 587 1467 non
614 1434 719 1469 enim
745 1435 925 1470 mollium
946 1433 1063 1472 modo
1082 1433 1289 1472 hominum
1307 1437 1602 1474 contubernium
1624 1451 1715 1476 cum

277 1486 520 1524 senatoribus
542 1494 580 1523 et
600 1490 839 1540 principibus
860 1492 953 1527 viris
978 1490 1033 1541 (v.
1054 1492 1161 1541 Lips.
1185 1490 1236 1528 ad
1255 1493 1351 1528 Tac.
1369 1493 1473 1530 Anu.
1498 1495 1519 1533 1
1549 1493 1620 1543 77)
1647 1507 1713 1531 οι·-

278 1546 418 1591 taeque
435 1542 527 1579 inde
546 1543 735 1582 factiones
757 1553 795 1583 et
813 1545 1035 1593 seditiones,
1065 1559 1203 1584 verum
1218 1548 1343 1584 multo
1363 1550 1489 1598 magis
1508 1550 1593 1599 ipsa
1610 1562 1713 1599 pan-

278 1598 531 1636 tomimorum
552 1608 780 1649 argumenta
796 1602 987 1651 flagitiosa
1009 1609 1047 1638 et
1066 1604 1195 1653 turpia
1221 1603 1278 1652 (v.
1298 1605 1459 1641 Lucian.
1486 1603 1534 1641 de
1551 1605 1711 1657 Saltat.)

278 1665 394 1690 omne
415 1658 654 1705 corruptelae
674 1670 798 1707 genus
813 1658 958 1694 inferre
981 1657 1161 1695 debuere.
1218 1659 1280 1697 H.

387 1724 427 1760 p.
449 1713 500 1750 12
520 1724 558 1748 V.
582 1713 647 1752 17.
703 1720 922 1750 memoratu
942 1713 1104 1763 dignum
1123 1721 1160 1750 et
1177 1714 1278 1752 illud
1297 1722 1376 1762 est,
1407 1713 1514 1766 quod
1528 1714 1710 1753 Atheno-

277 1765 364 1801 dori
388 1767 509 1803 Stoici
533 1769 703 1805 consiliis
725 1771 924 1819 Augustus
959 1769 1009 1805 ad
1025 1769 1269 1806 moderatum
1288 1772 1443 1821 imperii
1462 1783 1578 1808 usum
1595 1785 1708 1810 revo-

278 1828 385 1858 catus
408 1836 491 1860 esse
510 1822 689 1862 traditur.
746 1838 785 1862 v.
811 1824 885 1862 hac
911 1823 959 1862 de
979 1839 1022 1862 re
1037 1832 1171 1863 notam
1192 1827 1344 1864 Fabric.
1367 1826 1417 1864 ad
1435 1827 1552 1864 Dion.
1572 1827 1626 1869 52
1653 1830 1707 1869 36

273 1890 313 1927 p.
334 1880 426 1917 689-
482 1880 542 1915 H.

386 1946 426 1983 p.
448 1933 499 1973 14
519 1948 557 1971 v.
582 1935 645 1977 15.
701 1949 905 1987 perperam
927 1935 1092 1974 traditur
1113 1938 1264 1974 Iuliano
1292 1938 1373 1973 iam
1387 1937 1618 1988 interempto
1640 1952 1705 1976 se-

275 1995 390 2026 natus
410 1989 457 2026 de
480 1992 644 2041 imperio
664 1992 807 2031 Severo
834 1992 1023 2030 tradendo
1050 1993 1298 2031 deliberasse.
1354 1991 1487 2029 aderat
1507 1995 1613 2031 euim
1628 1995 1705 2033 Se-

274 2056 388 2083 verus
416 2059 504 2082 cum
534 2048 708 2085 exercitu
731 2062 784 2086 ex
802 2050 957 2101 Illyrico
989 2048 1041 2087 ad
1064 2050 1216 2087 urbem.
1274 2048 1326 2085 cf.
1353 2047 1565 2088 Herodian.
1593 2052 1619 2091 2
1649 2050 1703 2092 40

270 2113 360 2160 sqq.
415 2102 476 2139 H.

380 2156 434 2194 ib.
495 2158 629 2196 Severi
658 2161 779 2198 vitam
806 2161 922 2198 multi
953 2162 1056 2198 inter
1092 2167 1242 2199 veteres
1267 2162 1513 2212 scripserunt.
1571 2160 1621 2200 de
1653 2175 1701 2200 eo

268 2213 446 2262 inprimis
466 2215 516 2251 cf.
535 2214 746 2254 Herodian.
769 2220 795 2258 2
824 2220 849 2259 9
864 2239 911 2246 -—
924 2216 951 2258 4
977 2220 1017 2266 2,
1047 2218 1095 2256 de
1113 2217 1303 2256 Commdo
1321 2217 1427 2255 idem
1452 2221 1472 2258 1
1505 2219 1570 2266 17,
1591 2224 1630 2256 et
1650 2217 1700 2255 do

268 2267 386 2306 Didio
408 2270 559 2307 Iuliano
579 2274 606 2311 2
631 2274 723 2312 6-
736 2275 799 2312 12.

378 2338 418 2376 p.
445 2325 494 2366 15
514 2339 552 2364 v.
573 2330 612 2368 7.
674 2328 839 2365 Severus
866 2343 1016 2367 omnem
1030 2330 1229 2367 Arabiam
1250 2328 1443 2380 subegisse
1465 2330 1499 2367 si
1526 2342 1607 2367 non
1632 2329 1699 2366 in-

270 2378 400 2429 docte,
439 2378 546 2419 certe*
572 2395 713 2433 parum
742 2392 851 2422 caute
882 2393 1060 2423 narratur
1085 2400 1107 2423 a
1138 2387 1318 2433 Zosimo3
1358 2387 1532 2436 peccavit
1557 2383 1699 2422 eodem

266 2436 386 2474 modo
403 2437 646 2475 Herodianus
671 2441 695 2478 3
726 2442 793 2480 28.
849 2453 943 2478 nam
971 2442 1196 2493 accipienda
1222 2440 1320 2478 haec
1346 2450 1455 2479 erant
1483 2441 1531 2478 de
1551 2441 1697 2478 Arabia

267 2493 369 2529 iuter
386 2492 628 2544 Euphratem
649 2501 686 2531 et
706 2496 860 2545 Tigrim
883 2499 955 2534 sita
967 2527 977 2546 ,
1019 2499 1061 2534 in
1090 2511 1167 2549 qua
1195 2498 1287 2534 urbs
1306 2499 1400 2535 Atra
1419 2498 1560 2535 frustra
1578 2510 1600 2533 a
1619 2496 1696 2534 Se-

269 2560 361 2593 vero
389 2557 623 2600 oppugnata.
681 2564 719 2588 v.
740 2552 814 2588 Dio
842 2552 894 2592 75
928 2556 992 2594 10.
1050 2554 1100 2590 cf.
1123 2554 1272 2591 Fabric.
1300 2568 1340 2604 p.
1371 2552 1476 2595 1264
1505 2559 1543 2590 et
1574 2551 1695 2593 1144.

268 2605 416 2642 Arabes
436 2607 538 2642 ultra
553 2605 794 2657 Euphratem
810 2608 895 2644 loca
915 2610 996 2645 iam
1021 2610 1116 2645 olim
1134 2609 1371 2647 insederant.
1429 2609 1568 2646 Strabo
1594 2621 1694 2660 quo-

269 2671 346 2709 que
364 2660 430 2701 καὶ
451 2658 498 2701 τοὶ
525 2683 576 2690 --
599 2665 669 2713 τῆς
686 2662 809 2714 πέραν
826 2666 898 2703 τοῦ
914 2660 1135 2714 Εὐφράτου
1154 2668 1324 2717 πολλῆς,
1353 2662 1406 2718 ἣν
1416 2662 1587 2720 ’Ἄραβες
1606 2680 1695 2706 κατ-

267 2714 411 2767 έχουσι.
469 2720 520 2760 16
536 2731 598 2770 pr.
618 2720 716 2757 item
733 2732 775 2771 p.
798 2719 904 2762 1084
921 2721 971 2760 A.
991 2721 1042 2759 cf.
1066 2722 1171 2763 1093
1188 2723 1236 2759 B.
1292 2722 1353 2759 H.
