1812 3016
284 80 385 128 400
822 87 1180 134 REITEMEIERI

284 193 326 230 in
354 191 507 231 diversa
533 193 691 233 abeunt.
747 195 890 236 Suidas
909 196 950 236 h.
972 212 1010 236 v.
1030 194 1122 237 eum
1140 198 1324 239 laudibus
1343 200 1474 251 effert,
1511 204 1670 243 Orosius
1690 209 1717 248 7

284 248 338 290 35
360 257 398 286 et
420 250 598 289 Socrates
617 251 642 292 5
671 251 724 294 25
748 253 1058 304 reprehenduntt,
1089 269 1208 308 quem
1227 256 1448 296 dissensum
1465 271 1621 298 morum
1642 261 1718 299 bo-

282 318 425 364 norpm
450 319 736 359 pravorumque
767 312 960 347 consortio
989 312 1031 348 in
1058 325 1138 349 uno
1169 311 1386 366 eodemque
1417 313 1577 354 homine
1607 316 1715 355 haud

282 362 550 414 infrequenter
570 364 772 403 observato
792 367 999 403 attribuere
1018 375 1183 418 oportet.

389 431 431 469 p-
452 421 532 460 238
557 433 595 457 v·
615 421 655 462 5·
714 417 788 460 ὅσα
808 419 862 473 μή
883 425 1021 470 καλῶς.
1079 425 1128 461 cf.
1148 425 1304 462 Sozom.
1323 427 1350 466 7
1378 427 1447 466 22.

391 473 444 511 ib.
465 487 502 511 v.
530 478 594 515 11.
649 472 875 528 γράμματα,
905 491 1005 531 quae
1025 480 1214 518 Libauius
1233 485 1499 532 γραμματεῖα,
1529 481 1718 520 Sozome-

279 542 354 567 nus
372 537 411 567 et
428 531 616 581 Synesius
635 532 875 585 διατάγματα
888 563 898 582 ,
926 538 1158 573 Ammianus
1179 537 1313 573 literas
1332 544 1447 574 vocat
1459 567 1469 586 ,
1497 545 1588 575 sunt
1607 539 1720 576 codi-

280 587 386 634 cilli,
415 588 464 623 iis
484 588 625 637 quibus
642 590 891 640 magistratus
911 598 978 628 aut
994 594 1194 642 provincia
1215 593 1454 630 conferretur
1475 594 1523 631 ab
1544 595 1718 646 impera-

278 642 428 679 toribus
445 641 539 680 dati.
788 689 793 696 x
1447 659 1449 662 '

391 697 444 734 ib.
466 711 505 734 v.
527 702 593 740 22.
651 707 786 738 auctor
802 703 902 740 Hist.
923 702 1121 740 Miscellae
1142 704 1193 744 13
1217 704 1292 743 11:
1317 706 1608 755 grammaticus
1626 708 1718 758 qni-

280 753 375 790 dam
389 755 543 790 nomine
563 755 769 805 Eugenins
781 785 794 802 ,
826 758 1029 795 literarum
1048 760 1290 796 Latinarum
1311 761 1468 806 doctor,
1494 760 1718 812 relinquens

280 809 436 846 scholas
462 811 503 846 in
528 810 683 860 palatio
717 813 938 860 militabat,
990 822 1148 866 eratque
1174 817 1417 865 imperatori-s
1446 817 1720 856 Valentiniani

279 865 546 916 antigraphus
567 873 605 902 et
613 875 776 917 propter
794 869 1053 920 eloquentiam
1075 885 1102 907 a
1124 871 1259 908 multis
1276 871 1501 910 honoratus.
1568 874 1711 912 Cellar.

282 933 305 957 a
319 921 478 958 Socrate
498 923 616 959 etiam
637 925 855 975 appellatur
867 928 1067 977 Eugenius
1086 923 1350 979 ἅντιγραφεΰς
1364 930 1439 968 τοῦ
1459 929 1660 978 βασιλέως.

391 990 432 1028 p.
455 979 536 1018 239
562 991 600 1015 v.
626 980 663 1019 1.
721 979 770 1017 de
786 981 1018 1019 Richomere
1040 983 1090 1020 cf.
1108 984 1342 1034 Prosopogr.
1363 997 1398 1021 c.
1417 982 1500 1022 Th.

392 1032 446 1070 ib.
470 1047 509 1071 v.
534 1035 597 1075 17.
656 1048 747 1073 cum
768 1050 813 1074 ea
830 1051 890 1075 res
907 1051 987 1075 non
1007 1041 1048 1075 in
1065 1037 1272 1076 hominum
1296 1041 1419 1077 oculis
1441 1040 1563 1088 facta,
1603 1054 1715 1079 cum-

281 1100 379 1140 que,
409 1102 459 1126 ne
477 1090 605 1127 scelus
627 1099 837 1142 emanaret,
867 1095 1057 1131 occultata
1076 1102 1190 1142 esset,
1221 1097 1329 1132 varia
1346 1095 1438 1132 inde
1456 1096 1563 1133 fama
1583 1095 1715 1135 diver-

279 1157 424 1196 saeque
450 1148 691 1184 narrationes
724 1156 830 1186 ortae
858 1157 962 1187 sunt.
1018 1151 1198 1188 Socrates
1224 1150 1250 1191 5
1279 1150 1332 1191 25
1360 1158 1399 1189 et
1426 1152 1666 1192 Sozomenus
1686 1157 1713 1195 7

277 1203 333 1240 22
353 1201 401 1236 ab
425 1200 614 1239 eunuchis
635 1204 912 1254 imperatorem
932 1205 1202 1254 dormientem,
1232 1208 1390 1258 spiritus
1408 1209 1473 1245 via
1492 1210 1714 1259 interclusa,

275 1256 555 1307 interemptum
576 1258 757 1307 traduntz,
792 1260 1079 1312 Philostorgius
1098 1264 1123 1302 9
1157 1264 1201 1310 l,
1231 1264 1389 1301 Orosius
1408 1265 1434 1303 7
1462 1264 1517 1306 35
1548 1271 1588 1302 et
1604 1266 1716 1303 Rufi-

275 1324 350 1348 nus
370 1315 397 1352 2
426 1313 499 1359 31,
537 1313 629 1350 licet
646 1315 688 1350 in
710 1318 910 1354 nonnullis
932 1318 1047 1355 rebus
1069 1317 1310 1368 discrepent,
1341 1320 1384 1356 in
1404 1332 1450 1357 eo
1466 1326 1598 1357 tamen
1618 1334 1715 1359 con-

275 1368 461 1413 sentiunt,
488 1369 761 1407 Valentiniano
780 1372 1033 1409 suffocatione
1050 1374 1268 1421 interfecto,
1300 1376 1412 1426 quasi
1430 1376 1515 1425 ipse
1534 1377 1610 1413 sibi
1626 1390 1715 1414 ma-

273 1434 348 1458 nus
367 1424 581 1471 intulisset,
610 1425 760 1463 famam
779 1428 821 1464 in
839 1428 982 1479 vulgus
1004 1441 1181 1479 sparsam
1197 1442 1296 1468 esse.
1353 1431 1405 1468 cf.
1427 1429 1640 1470 Godofred.
1662 1432 1715 1470 ad

271 1476 580 1529 Philostorgium
599 1481 627 1517 l.
648 1494 682 1518 c.
1337 1490 1341 1493 ’

382 1547 421 1584 p.
441 1536 523 1575 241
542 1549 581 1572 v.
603 1538 644 1578 3.
702 1549 804 1588 quae
833 1536 882 1575 de
909 1539 997 1575 rixa
1024 1544 1064 1575 et
1081 1538 1200 1576 caede
1219 1540 1441 1591 principum
1457 1541 1714 1581 barbarorum

272 1589 315 1625 in
341 1590 587 1640 imperatoris
618 1592 708 1629 aula
726 1594 931 1645 Eunapius
955 1595 1186 1645 scripserat,
1220 1597 1263 1632 in
1282 1597 1490 1648 Excerptis
1509 1596 1558 1635 de
1573 1599 1714 1650 Legat.

272 1652 424 1683 servata
445 1645 573 1683 adhuc
593 1655 763 1686 exstant.
1031 1652 1038 1658 ’

383 1701 438 1737 ih.
462 1715 501 1738 v.
524 1704 563 1742 6.
619 1705 820 1755 Eunapius
842 1704 916 1742 Lo.
939 1701 1047 1756 ὅμως
1065 1703 1132 1745 καὶ
1153 1703 1178 1746 o‘
1195 1704 1379 1758 βασιλεῦς
1397 1710 1523 1758 τιμῶν
1538 1703 1614 1749 οὔκ
1630 1709 1716 1762 ἔλη-

271 1770 362 1809 γεν,
391 1753 479 1796 ἄλλ’
500 1756 789 1811 ὁμοτραπέζους
815 1756 891 1812 εἶχε
912 1760 980 1801 καὶ
1001 1757 1247 1813 ὁμοσκήνους
1271 1762 1339 1803 καὶ
1367 1759 1471 1817 πολύ
1491 1778 1529 1804 τι
1546 1761 1714 1815 φιλόδω-

273 1827 345 1863 ρον
367 1813 424 1859 εἰς
443 1809 588 1861 αὐτούς
605 1810 672 1865 ἦν.

382 1881 422 1917 p.
442 1867 523 1908 242
544 1883 582 1905 v.
606 1873 669 1910 10.
726 1871 905 1921 Eugenio
934 1870 1142 1922 tyrannide
1177 1871 1327 1911 deiecto
1360 1875 1481 1912 totius
1517 1876 1711 1915 exercitus

274 1920 359 1959 dux
379 1923 503 1961 factus
524 1931 583 1961 est
600 1925 779 1963 Stilicho.
835 1925 916 1964 vid.
933 1929 1082 1964 zosim.
1102 1926 1128 1967 5
1156 1926 1197 1968 4.

385 1977 439 2015 ib.
515 1976 690 2035 Σερήνῃ.
762 1994 866 2019 uxor
907 1981 1150 2021 Stilichonis.
1224 1982 1306 2021 vid.
1341 1982 1611 2035 Olympiodor.
1644 1998 1710 2038 ap.

271 2031 473 2071 Photium.

382 2088 436 2126 ib.
463 2103 502 2127 v.
529 2092 595 2131 12.
655 2089 703 2127 de
733 2092 858 2128 Gaina
884 2091 1088 2131 Palladius
1116 2106 1158 2144 p.
1178 2093 1232 2135 52
1256 2099 1286 2131 t.
1309 2094 1361 2134 13
1395 2106 1486 2145 opp.
1508 2094 1711 2148 Chrysost.

271 2144 415 2181 Ritter.

376 2199 430 2236 ib.
452 2213 491 2237 v.
513 2198 580 2239 14.
636 2201 678 2236 in
708 2200 826 2238 laude
851 2203 1009 2239 Bacurii
1041 2216 1132 2240 cum
1160 2203 1319 2241 Zosimo
1348 2205 1531 2243 convenit
1547 2206 1710 2245 Rufinus

266 2256 314 2306 (2
342 2254 428 2305 33),
459 2269 512 2292 ex
533 2256 659 2292 Iberia
675 2269 767 2293 vero
786 2271 877 2294 eum
898 2257 1275 2303 oriundmnscribit.

377 2311 432 2348 ib.
465 2324 502 2351 v.
530 2313 593 2351 19.
650 2308 719 2352 ἐπ’
745 2309 878 2363 ἤματι.
933 2312 1016 2351 vid.
1044 2315 1075 2352 l.
1098 2314 1126 2355 4
1154 2327 1188 2352 c.
1217 2312 1300 2351 Th.
1328 2312 1378 2350 de
1407 2312 1558 2353 haeret.
1583 2323 1623 2353 et
1649 2316 1707 2354 ibi

267 2379 410 2404 comm.
467 2367 612 2403 Ritter.

376 2435 417 2472 p.
437 2421 517 2463 243
537 2435 575 2459 v.
594 2421 635 2462 5.
693 2423 911 2459 Honorium
945 2435 969 2459 a
996 2430 1105 2473 patre
1130 2430 1175 2461 ut
1201 2423 1351 2461 socium
1374 2424 1474 2462 belli
1491 2426 1534 2462 in
1550 2426 1707 2463 Italiam

268 2474 430 2514 ductum
448 2490 544 2525 esse,
576 2478 649 2515 etsi
667 2478 918 2527 Marcellinus
935 2479 978 2514 in
996 2478 1188 2516 Chronico
1209 2492 1299 2516 cum
1316 2481 1476 2517 Zosimo
1492 2479 1633 2528 tradat,
1661 2479 1706 2518 id

216 2528 218 2530 ’
267 2538 399 2569 tamen
421 2539 459 2570 et
475 2533 650 2583 pluribus
666 2532 1000 2584 validioribusque
1017 2535 1250 2572 testimoniis
1270 2534 1475 2572 Claudiani
1490 2535 1551 2587 (in
1570 2537 1706 2582 3901}-

268 2588 343 2624 sul.
363 2590 526 2626 Honorii
544 2590 596 2628 78
617 2588 760 2640 seqq.)‚
789 2589 920 2626 Rufini
942 2590 987 2639 (2
1007 2602 1040 2626 c.
1061 2589 1167 2640 ult.)‚
1197 2591 1406 2628 Sozomeni
1431 2590 1475 2642 (4
1497 2604 1531 2627 c.
1549 2590 1642 2642 ult.)
1667 2598 1707 2629 et

267 2641 521 2694 Philostorgii
542 2642 610 2695 (11
642 2643 686 2695 2)
708 2645 919 2692 refutatur,
949 2645 1018 2696 qui
1036 2647 1159 2685 serius
1176 2658 1250 2683 nec
1267 2646 1345 2683 nisi
1363 2658 1497 2698 pugna
1516 2659 1606 2684 cum
1622 2648 1707 2685 Eu-

269 2700 385 2748 genio
405 2700 509 2738 facta
530 2712 622 2737 eum
641 2701 870 2740 arcessitum
889 2706 1092 2739 testantur.
