1812 3016
281 92 308 136 3

347 90 375 135 8

817 88 1175 133 REITEMEIERI

445 199 526 238 Sub
560 198 725 250 imperio
757 200 882 249 praef.
911 206 1035 249 praet.
1068 197 1236 236 Orientis
1264 203 1374 235 erant
1405 196 1455 249 1)
1485 198 1717 248 praeconsul

390 258 506 294 Asiae
536 269 624 292 cum
651 254 896 305 praesidibus
927 268 971 294 11.
1028 253 1081 304 2)
1111 267 1240 292 comes
1269 255 1438 292 Orientis
1465 266 1555 290 cum
1578 266 1634 291 xv
1655 266 1717 303 pr.

389 311 442 362 3)
471 312 690 362 praefectus
708 312 936 361 Augustalis
953 323 1043 347 cum
1058 323 1124 350 Χῖ..
1183 310 1236 361 4)
1255 317 1333 347 tres
1349 310 1504 356 vicarii,
1534 308 1584 359 a)
1600 310 1718 346 Asia-

390 371 472 404 nae'
486 380 575 404 cum
594 381 642 404 111
663 367 929 417 praesidibus,
961 365 1012 417 b)
1038 367 1224 404 Ponticae
1243 379 1334 403 cum
1349 379 1419 414 11,
1450 363 1498 415 c)
1522 363 1717 403 Thraciae

392 437 482 460 cum
506 437 561 460 vi.
618 430 729 460 erant
756 425 877 474 igitur
905 436 994 460 cum
1019 423 1251 473 proconsule
1281 423 1400 460 Asiae
1423 433 1528 459 xmx
1549 427 1718 458 rectores

389 481 692 530 provinciarum.

336 537 386 572 11.
434 535 666 586 Praefectus
693 536 900 584 praetorio
921 534 1040 583 Illyr
1024 535 1078 570 ιοί
1113 533 1327 570 orientalis
1358 530 1530 569 habebat
1563 530 1719 568 dioece-

391 604 453 628 ses
468 604 511 637 11,
542 592 578 627 Ι.
599 591 897 635 Macedoniam,
919 592 1028 627 cuius
1044 590 1267 640 provinciae
1283 595 1392 625 erant
1407 599 1470 625 vl·
1503 591 1541 628 1.
1556 585 1720 634 Achaia,

391 650 432 687 2.
462 645 713 693 Macedonia,
763 650 803 687 3.
834 645 1066 692 Thessalia,
1107 644 1147 685 4.
1177 646 1313 693 Creta,
1351 644 1392 685 5.
1422 645 1565 694 Epirus
1596 650 1721 690 vetus,

394 705 434 742 6.
462 704 604 752 Epirus
625 714 728 739 nova
747 708 785 738 et
802 715 892 752 pars
910 701 1163 738 Macedoniae
1181 701 1374 738 salutaris.
1430 700 1492 736 II.
1526 699 1721 742 Daciam,

392 759 617 808 provinciae
638 759 721 795 eius
738 769 786 795 v:
822 760 855 796 1.
874 759 995 794 Dacia
1011 756 1310 804 mediterranea,
1339 759 1380 797 2.
1401 756 1523 792 Dacia
1542 756 1723 805 ripensis,

393 817 434 853 3.
464 815 613 850 Moesia
642 815 768 863 prima
790 819 828 849 et
848 811 1040 863 secunda,
1070 813 1109 853 4,
1133 812 1354 861 Dardania,
1389 812 1430 854 5.
1451 811 1724 849 Praevalitana

396 875 436 905 et
453 882 543 918 pars
562 868 829 906 Macedoniae.

451 925 654 962 Praefecto
687 938 746 975 pr.
777 925 926 976 Illyrici
967 924 1151 962 suberant
1203 923 1253 974 1)
1293 923 1503 973 proconsul
1536 920 1723 969 Achaiae,

396 978 450 1029 2)
487 982 622 1017 vicarii
658 979 758 1029 duo,
802 980 1056 1018 Macedoniae
1083 993 1173 1017 cum
1202 992 1244 1017 vr
1273 980 1484 1029 provinciis
1514 985 1553 1015 et
1581 979 1727 1015 Daciae

398 1049 493 1073 cum
513 1049 549 1075 v.

342 1094 410 1128 111.
442 1093 493 1128 P!
481 1091 675 1142 [assectas
688 1093 889 1142 praetorio
910 1091 1072 1137 Italiae,
1102 1090 1152 1128 acl
1171 1103 1289 1143 quem
1305 1089 1552 1141 pertinebant
1571 1087 1727 1126 dioece-

397 1161 459 1184 ses
484 1161 553 1194 111,
584 1149 619 1184 I.
654 1148 796 1192 Italia,
827 1149 937 1185 cuius
962 1149 1186 1198 provinciae
1215 1153 1324 1184 erant
1347 1156 1458 1183 xvu:
1491 1147 1528 1186 1.
1550 1147 1727 1193 Venetia,

397 1206 438 1242 2.
454 1205 637 1251 Aemilia,
668 1206 707 1243 3.
724 1205 897 1253 Liguria,
927 1203 967 1244 4.
987 1205 1181 1240 Flaminia
1198 1210 1236 1240 et
1249 1204 1440 1239 Picenum
1457 1203 1728 1248 annonarium,

398 1259 439 1299 5.
469 1261 616 1296 Tuscia
648 1265 686 1295 et
714 1260 897 1308 Umbria,
928 1262 967 1299 6.
988 1261 1179 1297 Picenum
1196 1259 1525 1305 suburbicarium,
1554 1261 1594 1298 7.
1610 1258 1731 1294 Cam-

396 1316 535 1363 pania‚
572 1317 611 1354 8.
641 1315 796 1362 Sicilia,
835 1317 875 1355 9.
905 1316 1051 1365 Apulia
1080 1323 1119 1352 et
1144 1315 1349 1362 Calabria,
1392 1317 1456 1354 10.
1486 1315 1660 1350 Lucania
1691 1319 1731 1349 et

398 1371 563 1416 Bruttii,
595 1371 660 1410 11.
684 1371 804 1420 Alpes
824 1371 995 1418 Cottiae,
1029 1372 1094 1411 12.
1111 1370 1277 1407 Rhaetia
1295 1371 1445 1420 prima,
1478 1371 1543 1410 13.
1563 1367 1731 1405 Rhaetia

397 1424 582 1472 secunda,
615 1425 678 1466 14.
700 1427 919 1473 Samnium,
952 1427 1015 1466 15.
1036 1427 1204 1474 Valeria,
1237 1428 1301 1466 16.
1325 1423 1518 1471 Sardinia,
1551 1426 1615 1464 17.
1634 1425 1732 1461 Cor-

399 1483 494 1518 sica.
574 1481 634 1518 ΙΙ.
686 1481 844 1531 Illyrici
874 1483 1097 1532 provinciae
1128 1494 1197 1520 w:
1247 1482 1285 1521 1.
1310 1481 1513 1518 Pannonia
1545 1479 1731 1528 secunda,

399 1539 440 1576 2,
460 1537 577 1573 Savia
589 1565 599 1583 ,
630 1539 669 1576 3.
687 1538 904 1584 Dalmatia,
934 1537 973 1577 4.
989 1539 1191 1575 Pannonia
1209 1538 1335 1589 prima
1347 1565 1358 1585 ,
1388 1536 1427 1577 5.
1445 1537 1630 1573 Noricum
1645 1549 1732 1572 me-

401 1591 687 1639 diterraneum,
718 1594 757 1631 6.
786 1594 971 1630 Noricum
997 1595 1180 1644 Ripense.
1251 1594 1337 1630 III.
1368 1592 1540 1642 Africae
1571 1593 1733 1642 provin-

403 1649 486 1684 ciae
503 1659 567 1684 VI:
600 1653 636 1689 1.
657 1650 892 1699 Byzacium,
922 1651 962 1688 2.
980 1649 1185 1698 Numidia,
1216 1652 1254 1689 3.
1271 1649 1505 1685 Mauritania
1524 1648 1735 1695 Sitifensis,

404 1703 444 1743 4.
467 1705 701 1741 Mauritania
720 1705 1003 1753 Caesariensis,
1034 1706 1073 1746 5.
1095 1705 1289 1757 Tripolis,
1319 1706 1360 1745 6.
1377 1705 1512 1742 Africa
1532 1716 1622 1741 cum
1638 1717 1734 1755 pro-

405 1760 579 1796 consule.

348 1815 413 1852 IV.
444 1815 676 1865 Praefectus
686 1817 886 1865 praetorio
909 1816 1157 1862 Galliarum,
1181 1817 1250 1868 qui
1270 1815 1430 1866 regebat
1449 1814 1647 1852 dioeceses
1670 1827 1733 1862 111,

405 1871 441 1908 I.
476 1872 741 1920 Hispaniam,
774 1874 883 1909 cuius
916 1874 1139 1922 provinciae
1165 1884 1246 1909 vn:
1284 1877 1321 1912 1.
1345 1873 1524 1919 Baetica,
1557 1874 1596 1911 2.
1615 1871 1735 1907 Lusi-

405 1927 535 1973 tania,
585 1929 625 1966 3.
661 1929 882 1975 Gallaecia,
929 1928 968 1967 4.
1004 1929 1330 1975 Tarraconensis,
1379 1926 1420 1967 5.
1449 1924 1735 1976 Carthaginen-

407 1983 480 2027 sis,
522 1985 560 2022 6.
592 1983 826 2033 Tingitana,
856 1987 894 2024 7.
925 1984 1122 2021 Baleares.
1179 1985 1240 2022 II.
1280 1982 1478 2027 Galliam,
1511 1983 1735 2032 provinciae
1761 1984 1764 1985 ⁷

407 2043 518 2073 erant
539 2049 651 2074 xvn:
686 2042 721 2078 1.
750 2040 1003 2086 Viennensis,
1033 2043 1074 2079 2.
1101 2039 1375 2090 Lugdunensis
1400 2040 1549 2088 prima,
1578 2040 1616 2078 3.
1637 2038 1737 2074 Ger-

406 2093 539 2128 mania
573 2095 720 2142 prima,
767 2094 807 2133 4.
850 2095 1061 2132 Germania
1091 2095 1283 2144 secunda,
1335 2094 1375 2135 5.
1406 2095 1566 2144 Belgica
1594 2096 1736 2143 prima,

410 2150 449 2187 6.
467 2148 627 2197 Belgica
647 2149 837 2197 secunda,
869 2154 907 2191 7.
928 2152 1049 2202 Alpes
1067 2153 1307 2198 maritimae,
1338 2151 1377 2190 8.
1397 2150 1519 2200 Alpes
1536 2151 1737 2186 Penninae

411 2210 450 2239 et
477 2205 635 2250 Graiae,
667 2207 706 2244 9.
739 2207 914 2242 Maxima
940 2207 1234 2258 Sequanorum,
1267 2209 1331 2247 10.
1360 2207 1573 2257 Aquitania
1597 2207 1737 2255 prima,

413 2261 478 2299 11.
509 2261 720 2310 Aquitania
750 2261 942 2309 secunda,
977 2265 1039 2302 12.
1065 2265 1215 2300 Novem
1235 2262 1391 2313 populi,
1425 2264 1486 2302 13.
1505 2261 1739 2298 Narbonen-

412 2315 465 2350 sis
491 2316 638 2364 prima,
675 2315 735 2354 14.
768 2317 1031 2355 Narbonensis
1055 2318 1246 2366 secunda,
1279 2317 1343 2357 15.
1372 2316 1648 2366 Lugdunensis
1672 2330 1738 2354 se-

413 2369 561 2417 cunda,
595 2373 658 2411 16.
685 2370 960 2421 Lugdunensis
987 2375 1123 2422 tertia,
1159 2375 1222 2414 17.
1250 2372 1526 2422 Lugdunensis
1552 2373 1739 2410 senonia.

414 2426 498 2462 Ill.
532 2426 787 2471 Britannias,
815 2430 1037 2477 provinciae
1056 2437 1229 2466 erantv:
1264 2432 1298 2468 1.
1317 2430 1493 2465 Maxima
1509 2429 1738 2465 Caesarien-

417 2482 492 2527 sis,
524 2485 563 2522 2.
584 2483 779 2530 Valentia,
813 2486 852 2522 ὃ.
873 2485 1074 2522 Britannia
1095 2487 1243 2536 prima,
1269 2483 1310 2524 4.
1333 2485 1536 2522 Britannia
1553 2482 1739 2531 secunda,

419 2535 458 2576 5.
483 2530 617 2574 Flavia
639 2539 910 2578 Caesariensis.

472 2605 513 2642 p-
525 2594 578 2633 99
592 2594 708 2635 v-15.
755 2596 824 2646 qui
839 2595 935 2631 olim
950 2602 1138 2646 tanquam
1157 2597 1437 2646 imperatorum
1455 2593 1506 2631 ad
1522 2594 1739 2630 exercitum

308 2647 418 2683 missi
439 2646 565 2697 legati
580 2650 771 2687 militibus
789 2659 992 2700 praeerant
1015 2653 1258 2699 consulares,
1287 2652 1359 2688 sub
1381 2649 1598 2687 Alexandri
1619 2661 1739 2698 regno

309 2713 388 2737 non
407 2704 576 2753 amplius
593 2706 792 2743 constituti
806 2714 897 2744 suut
907 2736 918 2756 ‚
948 2706 1043 2744 dum
1059 2709 1242 2759 magistri
1254 2707 1425 2744 militam
1439 2708 1482 2743 in
1499 2718 1636 2743 eorum
1649 2717 1739 2743 suc-
