1812 3016
360 114 802 161 COMMENTARIUS
825 112 1134 158 msromcu
1134 113 1180 156 S.
1398 109 1494 157 363

160 242 206 281 p·
216 225 298 269 105
312 240 354 267 v.
360 229 431 270 20.
466 227 626 265 Flavius
641 223 831 264 Claudius
847 223 1173 270 muhaniam,
1192 221 1381 259 Dalmatii
1396 223 1498 260 Cae-

55 284 155 324 min
184 284 329 333 frater,
369 290 582 336 postqum
609 282 659 320 ab
687 294 791 319 anno
815 281 897 323 335
922 279 1061 317 datum
1087 280 1163 317 sibi
1194 292 1218 316 a
1243 280 1499 316 Constantino

53 341 176 379 Pumti
194 345 237 378 et
262 341 475 378 Armeniae
498 351 667 391 regnum
683 351 757 390 per
772 336 872 375 duos
891 349 1015 374 annos
1030 342 1232 384 tenuerat,
1260 342 1388 373 morte
1410 336 1498 373 vio-

55 397 164 436 lenta
254 398 314 435 ''t-

105 464 109 470 '
165 409 284 491 εἴτε
297 454 366 495 21.
421 450 721 505 νοβελισσίμω.
779 446 944 487 Godofr.
962 446 1015 486 ad
1029 448 1059 487 1.
1078 448 1151 486 ult.
1170 445 1221 485 de
1236 448 1350 485 lustr.
1368 447 1502 484 collat.

166 577 211 616 p.
233 566 313 606 1oe
330 578 372 603 v.
390 564 432 604 1.
486 575 589 615 quae
615 562 659 599 in
681 562 884 600 Pannonia
912 561 1017 598 facta
1046 566 1127 609 est,
1159 565 1327 599 testante
1348 559 1503 596 Iuliano

58 620 227 673 (lali-n.
245 621 312 658 0r.
334 623 355 661 1
376 633 420 671 p.
438 618 543 669 33),
570 620 674 655 iuter
694 618 797 655 filios
816 618 1061 655 Constantini
1081 629 1183 654 nova
1202 617 1314 667 regni
1330 616 1504 666 partitio,

58 677 253 715 etaieam
281 688 373 714 cum
398 675 660 713 Tillemontio
689 674 789 725 (t.4
806 686 850 725 p.
870 673 977 723 666)
1006 672 1204 711 diversam
1232 673 1282 709 ab
1313 685 1358 709 ea
1385 683 1507 722 quam

58 732 330 785 paterfeoerat
348 729 507 770 coedere
528 731 723 778 velimus,
749 730 916 767 fortasse
940 735 1073 766 tamen
1091 731 1134 766 in
1150 730 1363 781 provinciis
1385 726 1506 765 modo

58 789 279 827 ond-orum
294 787 575 825 Amaballiani
594 793 633 824 et
651 786 840 823 Dalmatii
858 784 1137 823 distribuendis
1157 784 1400 823 versabatur.

169 843 226 882 ih.
247 857 288 882 v.
304 846 349 886 6.
404 841 488 881 tid.
516 845 751 894 Prosopogr.
780 840 870 879 cod.
897 840 980 879 Th.
1010 848 1049 879 et
1080 840 1244 879 Godofr.
1272 839 1324 877 ad
1349 838 1506 877 Libanii

59 901 288 949 Orationes,
316 900 387 952 qui
402 912 542 938 omnes
559 911 582 936 a
600 899 828 938 Constantio
847 898 996 935 occisos
1011 904 1219 935 memorat.
1248 897 1392 934 Ram.
1452 895 1507 933 cf.

59 957 205 995 Iuliani
221 957 349 1007 Epist.
369 954 422 993 ad
440 954 672 993 Atheniens.
694 967 735 1006 p.
753 956 850 996 270.
907 953 1024 990 foeda
1045 954 1262 991 Constantii
1282 955 1324 990 in
1343 952 1507 1002 sangui-

59 1025 156 1050 nem
174 1013 486 1050 neoessariorum
513 1010 724 1049 crudelitas
742 1017 782 1047 et
800 1011 895 1047 iuris
919 1008 1044 1046 divini
1063 1008 1307 1060 humanique
1327 1015 1507 1046 contem-

60 1075 153 1120 ptus
169 1061 668 1119 tostibm‘locupletissimis
683 1066 911 1104 confirmata
922 1095 934 1115 ,
962 1067 1192 1118 Zosimique
1211 1064 1311 1103 adeo
1325 1066 1506 1102 testimo-

59 1126 174 1162 nium
193 1131 309 1162 extra
325 1123 611 1162 dubitationem
628 1124 802 1174 positum
822 1129 895 1160 est.

173 1179 230 1218 ih.
252 1193 293 1218 v.
311 1184 353 1223 7.
409 1181 574 1231 Optatus
598 1192 679 1217 cos.
704 1179 780 1216 fuit
809 1191 846 1216 a.
865 1177 971 1226 334,
1000 1176 1072 1216 sed
1090 1178 1176 1215 sine
1195 1175 1314 1214 dubio
1336 1177 1438 1214 alius
1458 1175 1509 1213 ab

63 1234 166 1285 boo,
193 1237 287 1289 quia
302 1236 487 1275 Zosimus
504 1236 751 1274 consularem
766 1233 958 1272 honorem
975 1247 1055 1271 non
1075 1235 1273 1271 tacuisset.
1305 1234 1450 1270 Rieter.

176 1291 232 1330 ib.
251 1305 296 1331 v.
314 1295 356 1336 8.
411 1290 495 1331 vid.
523 1292 738 1330 Pancirolli
764 1289 816 1328 ad
844 1292 965 1328 Notit.
986 1292 1085 1342 imp.
1102 1296 1133 1328 t.
1151 1293 1179 1332 7
1196 1303 1238 1341 p.
1262 1290 1370 1331 1345
1386 1286 1516 1327 Thes.

64 1350 209 1387 Gna.

175 1404 233 1442 ib.
254 1417 297 1442 v.
317 1405 385 1445 12.
439 1404 623 1455 Eunapio
650 1410 808 1440 auctore
836 1401 907 1453 (in
933 1399 1080 1439 Aedes.
1110 1414 1153 1452 p.
1169 1399 1223 1442 34
1244 1399 1308 1438 ed.
1328 1400 1515 1438 Comme-

65 1460 169 1512 lin.)
197 1461 364 1512 Sopater
390 1461 433 1498 iu
457 1462 565 1511 regia
583 1459 850 1506 Constantini,
879 1471 903 1495 a
921 1470 1000 1510 quo
1018 1470 1164 1508 magno
1186 1455 1343 1495 habitus
1361 1463 1420 1494 est
1438 1455 1516 1494 ho·-

63 1530 160 1555 nore
171 1545 183 1564 ,
210 1518 462 1554 inimicorum
480 1514 620 1553 fraude
638 1517 755 1567 periit
768 1544 779 1563 ‚
809 1515 879 1566 qui
897 1513 1003 1564 apud
1025 1516 1303 1565 imperatorem
1322 1513 1515 1550 stimulati

64 1571 217 1611 invidia
243 1573 396 1610 factum
425 1573 573 1609 artibus
604 1574 689 1609 eius
716 1584 803 1608 esse
827 1571 1124 1617 insimularant,
1154 1576 1197 1606 ut
1219 1568 1423 1606 deficiente
1442 1580 1516 1604 au-

66 1636 146 1667 stro
165 1641 287 1667 naves
305 1629 585 1666 frumentariae
603 1641 656 1664 ex
671 1629 854 1678 Aegypto
872 1627 1077 1662 venientes
1095 1632 1252 1676 portum
1272 1626 1418 1661 intrare
1436 1636 1517 1660 non

67 1692 242 1736 possent.
299 1683 350 1721 de
375 1685 544 1721 Ablabio
566 1684 691 1734 praef.
710 1684 797 1730 Pr.‚
827 1694 947 1733 quem
966 1683 1171 1731 Eunapius
1190 1682 1370 1718 omnium
1385 1679 1516 1717 malo·

69 1753 158 1778 mm
177 1747 378 1778 auctorem
398 1739 500 1787 edit,
532 1739 615 1776 vid.
632 1741 866 1789 Pmsopogr.
885 1735 973 1774 cod.
990 1735 1072 1774 Th.

178 1795 234 1833 ih.
256 1809 296 1833 v.
317 1795 386 1836 15.
441 1796 637 1833 Eusebius
668 1795 773 1846 (vit.
794 1795 996 1830 Constant.
1017 1792 1044 1832 4
1072 1791 1152 1843 68)
1186 1790 1369 1829 fraudem
1385 1792 1517 1842 impe-

70 1853 209 1890 ratoris
243 1859 398 1899 tacens,
437 1852 584 1888 milites
615 1852 671 1887 ait
697 1850 929 1887 vociferatos
957 1849 1066 1886 nolle
1097 1861 1140 1888 se
1173 1849 1407 1900 cuiusquam
1437 1847 1516 1885 uisi

70 1908 242 1946 filiorum
260 1909 506 1946 Constantini
522 1908 747 1958 imperium.

182 1977 225 2015 p.
248 1967 324 2005 107
346 1977 385 2001 v.
403 1966 443 2004 3.
500 1965 611 2000 cuius
636 1962 888 2000 Constantius
910 1960 1086 1997 criminis
1107 1973 1130 1997 a
1147 1960 1307 1997 Zosimo
1326 1960 1517 2010 arguitur,

72 2018 118 2057 id
139 2020 271 2057 fratris
300 2019 398 2068 fuit,
434 2026 480 2056 ut
510 2021 628 2056 ceteri
654 2019 862 2069 scriptores
892 2023 1085 2054 testantur
1110 2029 1269 2063 omnes,
1301 2017 1343 2052 iu
1373 2015 1519 2067 quibus

74 2077 262 2124 Zonaras,
294 2078 364 2128 qui
383 2082 423 2112 et
440 2077 636 2127 copiosius
656 2087 741 2111 rem
760 2081 798 2111 et
815 2072 867 2110 ad
885 2071 1006 2109 fidem
1025 2073 1187 2123 propius
1208 2070 1382 2119 tradidit,
1412 2072 1519 2108 Con-

74 2133 291 2170 stantinum
323 2132 569 2169 simultatum
599 2138 800 2168 auctorem
829 2130 1080 2180 primumque
1109 2140 1379 2179 aggressorem
1411 2126 1521 2163 dicit.

76 2186 247 2238 cupidus¹
259 2189 366 2224 enim
387 2190 499 2238 regni
518 2189 650 2234 alieni,
679 2188 899 2238 provincias
919 2186 1052 2222 fratris
1072 2183 1290 2235 occupandi
1309 2197 1392 2234 spe,
1422 2183 1521 2219 fines

76 2244 163 2280 eius
188 2242 383 2280 hostiliter
396 2245 597 2294 ingressus
617 2250 676 2280 est
688 2272 699 2290 ‚
728 2255 868 2279 verum
885 2255 927 2278 re
947 2241 1053 2277 male
1076 2248 1186 2291 gesta
1208 2239 1394 2277 adversus
1414 2239 1521 2275 Con-

77 2300 216 2337 stantis
244 2298 363 2337 duces
382 2301 469 2351 ipse
490 2299 645 2337 insidiis
665 2301 953 2335 circumventus
973 2310 1019 2333 ac
1037 2296 1253 2334 trucidatus
1275 2302 1348 2332 est.
1406 2294 1523 2331 Zosi-

77 2367 167 2392 mus
198 2354 380 2406 quidem‚
408 2357 582 2393 nominis
611 2357 776 2393 fortasse
799 2352 1057 2391 similitudine
1083 2352 1269 2403 deceptus
1293 2358 1331 2388 et
1353 2352 1394 2386 in
1414 2362 1524 2386 erro-

80 2423 165 2447 rem
188 2409 373 2448 inductus
385 2440 396 2459 ,
425 2413 630 2450 Constanti
649 2411 786 2448 tribuit
804 2423 955 2447 noxam
975 2410 1086 2447 cuius
1106 2405 1396 2446 insimulandus
1417 2406 1525 2442 Con-

81 2468 276 2504 stantinus
304 2474 407 2515 erat,
442 2481 516 2505 nec
542 2469 611 2505 ille
641 2466 741 2504 adeo
770 2468 814 2503 in
839 2467 933 2504 falsi
958 2467 1107 2503 crimen
1139 2478 1230 2502 cum
1255 2464 1404 2500 Rittero
1443 2459 1524 2511 (ad

81 2521 293 2560 Guthrium
312 2530 343 2560 t.
364 2523 391 2564 5
410 2536 451 2574 p.
470 2524 551 2575 15)
576 2522 790 2561 vocandus.

192 2577 247 2615 ib.
272 2592 313 2616 v.
331 2581 373 2619 6.
427 2581 566 2618 Aurel.
594 2581 751 2618 Victor:
787 2592 958 2630 quarum
982 2577 1162 2627 gentium
1190 2573 1368 2619 obsides,
1400 2573 1527 2622 prelio

84 2635 295 2684 quaesitos,
336 2648 481 2684 pueros
513 2638 767 2680 venustiores,
812 2635 921 2686 quod
944 2633 1090 2670 cultius·
1118 2629 1328 2675 habuerat,
1363 2629 1528 2666 libidine

85 2690 837 2783 ffusmodimisseprocertohabetur.
899 2690 951 2728 cf.
969 2691 1143 2727 zonaras
1163 2688 1215 2728 13
1242 2688 1285 2728 6.
1325 2685 1526 2723 Ammian-
