1734 3002
74 1623 84 1638 2
109 1611 132 1633 X

157 84 221 116 xu
689 71 1044 117 REITEMELERI

161 191 290 241 dedit,
319 199 358 230 et
387 192 575 245 quasdam
602 206 622 230 e
653 192 924 244 Sylburgianis
954 192 1208 241 coniecturis,
1237 193 1394 243 vulgata
1413 192 1578 230 lectione

161 259 342 312 depulsa,
371 261 414 297 iu
435 267 684 308 contextum,
714 261 833 296 etiam
851 260 965 295 tacite
985 261 1149 309 passim,
1179 261 1338 310 recepit.

232 334 234 337 “
269 326 570 366 Commodorum
597 327 761 364 istorum
790 327 832 363 in
866 325 1083 363 Cellariana
1111 339 1228 377 opera
1250 327 1464 377 insignium
1490 339 1577 364 ma-

157 396 267 434 xime
295 408 435 445 expers
462 401 519 431 est
545 392 663 430 editio
690 394 920 431 Oxonieusis
950 393 1067 444 (cura
1098 394 1170 431 Th.
1196 392 1395 444 Smithii).
1453 395 1580 445 operis

155 475 228 513 per
263 469 393 513 partes
435 459 653 498 distributio
692 467 731 497 et
762 459 1093 512 paragraphorum
1129 474 1174 498 ac
1213 462 1384 512 capitum
1420 462 1579 510 notatio,

156 530 334 580 quamvis
359 528 485 566 facilis
511 529 658 579 negotii
685 541 768 576 res,
799 527 846 564 ab
878 540 923 564 eo
955 535 1086 564 tamen
1113 529 1256 568 omissa
1289 534 1366 576 est,
1397 534 1435 565 et
1461 535 1577 566 notae

155 594 443 646 Stephanianae
471 607 516 632 ac
540 595 844 647 Sylburgianae,
871 607 966 646 quas
994 596 1168 644 repetiit,
1198 596 1404 632 oscitanter
1419 601 1458 631 et
1475 595 1579 632 male

156 669 247 700 sunt
276 669 495 713 excerptae.
551 662 619 699 ubi
635 674 726 699 vero
748 660 796 698 de
818 674 888 699 suo
909 661 1118 713 quicquam
1141 659 1268 710 dedit,
1298 661 1350 699 ad
1365 661 1484 700 fidem
1499 664 1579 700 Ζο-

155 730 247 769 simi
274 727 548 767 stabiliendam
575 727 902 779 avertendamque
927 729 975 765 ab
1001 742 1046 766 eo
1065 731 1326 780 suspicionem
1341 730 1509 778 malam,
1537 728 1580 767 id

157 794 264 846 quod
291 795 366 832 sibi
393 794 605 832 editionem
625 794 788 846 parandi
807 795 927 832 fuisse
947 797 1195 845 propositum*
1209 794 1321 845 dicit,
1352 810 1464 835 suam
1483 810 1579 848 ope·-

157 875 240 899 ram
262 869 300 899 et
317 863 538 901 institutum
555 875 693 913 parum
711 860 882 901 studiose
900 860 1090 900 adhibuit.
1148 861 1197 899 de
1221 863 1349 900 verbis
1377 870 1579 901 contextus

159 927 260 964 nihil
285 935 500 977 mutatum,
529 930 570 965 in
597 930 698 968 notis
728 936 859 967 tamen
884 927 1076 980 quaedam
1104 930 1188 967 loca
1212 930 1481 968 sollicitantur.
1536 931 1580 968 in

158 996 268 1036 libris
300 995 450 1033 duobus
475 996 667 1046 prioribus
696 1008 774 1032 non
802 996 1127 1046 Sylburgianum,
1166 995 1257 1046 sed,
1295 996 1401 1049 quod
1433 1011 1507 1035 usu
1541 1004 1580 1035 et

160 1065 446 1113 comparatione
486 1062 589 1101 facta
616 1060 962 1114 deprehendimus,
1001 1062 1310 1117 Stephauianum
1334 1071 1488 1104 textum
1515 1078 1580 1103 re-

156 1130 283 1180 petiit.

268 1199 504 1236 Pei-lustrata
533 1212 666 1237 eorum
693 1199 833 1250 quibus
866 1199 908 1235 in
934 1199 1091 1237 zosimo
1129 1198 1380 1251 perpoliendo
1417 1205 1454 1237 et
1486 1199 1582 1235 illu-

157 1264 314 1302 strando
342 1266 515 1303 studium
543 1264 703 1317 aliquod
722 1267 895 1316 positum
910 1265 1006 1312 fuit,
1036 1267 1261 1304 Leunclavii
1280 1265 1471 1317 Stephani
1487 1267 1583 1317 Syl-

154 1331 284 1382 burgii
312 1333 469 1369 Cellarii
493 1339 532 1369 et
558 1331 716 1370 Smithii
746 1344 862 1382 opera
877 1361 887 1380 ,
918 1333 1082 1382 singulis
1114 1332 1275 1384 quidem
1295 1346 1379 1370 esse
1397 1345 1466 1370 sua
1482 1345 1583 1384 qua-

155 1398 364 1450 liacunque
393 1401 532 1436 merita
557 1401 599 1438 111
627 1398 855 1436 historicum
876 1406 1051 1436 nostrum
1073 1400 1325 1450 intelligitur,
1354 1413 1491 1437 verum
1508 1400 1582 1436 ab.-

156 1478 240 1502 esse
264 1466 311 1502 ab
331 1467 379 1504 iis
401 1480 489 1503 cum
509 1467 586 1504 alia
607 1472 692 1503 tum
715 1467 962 1516 potissimum
985 1479 1135 1515 rerum,
1165 1479 1266 1518 quae
1285 1481 1308 1504 a
1330 1469 1491 1504 Zosimo
1507 1480 1582 1504 ex-

155 1540 371 1583 ponuntur,
401 1533 585 1570 subtilem
614 1546 659 1571 ac
691 1531 924 1583 diligentem
948 1533 1257 1582 explorationem
1284 1540 1323 1571 et
1350 1535 1581 1571 illustratio-

155 1613 267 1648 nem3
299 1612 417 1652 quam
435 1613 509 1637 nec
524 1600 572 1638 ah
590 1600 902 1650 Franco-gallico
920 1601 1005 1636 eius
1020 1601 1227 1650 interprete
1243 1600 1299 1640 L,
1316 1600 1458 1638 Cozwin
1486 1600 1581 1652 (qui

155 1668 260 1705 solus
279 1668 481 1704 Zosimum
500 1668 704 1704 recentiori
723 1665 907 1704 idiomate
923 1667 1196 1716 interpretatus
1216 1673 1275 1704 est
1287 1696 1299 1714 ,
1329 1681 1418 1704 cum
1434 1666 1579 1718 Xiphi-

154 1735 236 1771 lino
262 1741 299 1771 et
323 1736 495 1781 Zonara,
524 1734 682 1772 Parisiis
706 1734 831 1782 1678,
862 1732 909 1782 4,
936 1740 975 1771 et
999 1732 1284 1774 Amstelodami
1302 1734 1376 1782 12,
1407 1735 1583 1773 obscuris

153 1807 288 1840 tamen
318 1801 435 1847 locis,
479 1806 523 1837 ut
550 1812 625 1837 usu
656 1798 918 1850 deprehendi,
953 1813 1034 1838 non
1064 1799 1213 1852 versis)
1250 1802 1468 1839 institutam
1494 1815 1583 1839 esse

153 1865 512 1904 animadvertimus.
570 1865 620 1904 ad
650 1869 766 1906 crisin
787 1869 829 1905 in
852 1869 1008 1905 Zosimo
1029 1867 1310 1916 exercendam,
1340 1870 1414 1906 etsi
1439 1869 1579 1906 obscu-

154 1934 267 1975 ritate
293 1941 332 1971 et
361 1932 591 1974 difficultate
618 1941 685 1971 aut
705 1947 791 1972 raro
815 1935 964 1971 laboret
986 1941 1051 1971 aut
1069 1935 1208 1971 saltem
1225 1936 1397 1971 criticam
1413 1935 1580 1972 medici-

154 2013 248 2039 nam
277 2014 362 2038 raro
390 1999 602 2048 desideret,
636 2013 734 2050 opus
766 2014 850 2037 esse
878 1999 1055 2037 codicum
1083 1999 1255 2037 subsidio
1271 1999 1445 2050 videtur,
1474 2001 1580 2053 quod

156 2081 210 2106 ex
234 2069 369 2105 Italiae
399 2068 659 2115 membranis,
689 2066 825 2114 credo,
854 2068 887 2104 si
907 2065 1064 2117 quando
1083 2079 1216 2103 eorum
1234 2079 1326 2104 usus
1349 2068 1475 2105 factus
1493 2070 1580 2118 erit,

155 2134 264 2177 haud
284 2148 377 2172 sane
393 2135 532 2173 inutile
550 2135 689 2175 arcessi
711 2135 865 2184 poterit.
922 2146 1015 2170 nam
1043 2132 1230 2184 quicquid
1247 2132 1375 2172 adhuc
1397 2133 1448 2171 ad
1465 2136 1579 2173 Zosi-

155 2215 266 2241 mum
285 2216 305 2239 e
323 2201 518 2241 codicibus
535 2203 713 2252 pervenit
732 2200 869 2239 auxilii
880 2227 894 2247 ,
919 2198 1020 2237 illud
1032 2198 1082 2236 ad
1098 2201 1431 2238 Leunclavianum
1446 2209 1484 2239 et
1500 2204 1580 2239 Pa-

155 2269 323 2309 latinum
350 2266 473 2316 redit,
512 2279 677 2319 quorum
708 2267 776 2304 ille
804 2264 909 2317 apud
935 2267 999 2302 Fr.
1026 2265 1234 2304 Pithoeum
1263 2275 1500 2316 asservatus,
1530 2269 1582 2306 ab

153 2337 336 2373 Aemerio
363 2333 532 2378 Thuano
560 2335 776 2383 exscriptus
807 2340 845 2370 et
873 2333 920 2370 ab
951 2335 1008 2370 Io.
1032 2334 1233 2383 Opsopoeo
1257 2347 1347 2371 cum
1367 2334 1580 2387 archetypo

153 2403 317 2440 collatus
337 2401 413 2438 fuit
431 2403 475 2438 111
496 2402 661 2451 gratiam
675 2400 886 2450 Sylburgii.
945 2398 1085 2450 quodsi
1103 2399 1200 2437 fides
1218 2407 1293 2438 stat
1310 2415 1399 2438 cum
1415 2404 1578 2453 epistola

151 2468 352 2517 Goldasti,
383 2480 501 2520 quam
529 2479 644 2518 supra
673 2465 874 2514 dedimus,
904 2479 956 2505 ex
985 2467 1096 2503 Italia
1127 2468 1199 2503 iste
1225 2467 1350 2507 codex
1374 2469 1416 2506 in
1436 2481 1579 2508 manus

154 2536 382 2574 Leunclavii
412 2536 539 2573 venit:
568 2541 738 2572 ceterum
769 2533 810 2571 in
839 2534 1014 2582 margine
1043 2531 1332 2572 emendationes
1353 2548 1442 2583 seu,
1471 2535 1576 2586 quod

155 2604 321 2641 similius
340 2604 423 2642 veri
443 2601 616 2650 videtur,
644 2602 836 2638 variantes
850 2601 1034 2638 lectiones
1049 2597 1205 2647 habuit,
1235 2602 1325 2650 quia
1350 2603 1577 2653 marginalis

153 2672 269 2710 lectio
287 2683 366 2709 nou
384 2671 528 2724 ubique
548 2670 688 2710 melior
705 2674 779 2718 est,
805 2665 876 2707 sed
894 2679 1009 2719 saepe
1028 2666 1167 2706 vitiosa
1185 2672 1222 2705 et
1241 2664 1419 2707 deterior.
1476 2668 1575 2707 alte-
