1774 3002
240 71 306 119 40
864 74 1062 118 ZOSIMI

239 186 374 242 μένοις
403 186 503 244 πρὸς
542 186 615 242 τὴν
642 181 767 229 οὖσαν
809 185 895 242 ἅμα
927 192 986 246 τῷ
1015 190 1178 242 βασιλεῖ’
1207 186 1478 242 διηγωνίζοντο
1504 183 1686 242 δύναμιν.

239 253 374 309 μάχης
396 256 439 297 δὲ
459 255 685 311 γενομένης,
721 256 763 306 ἐξ
788 253 975 312 ἑκατέρου
1007 273 1049 298 τε
1071 255 1218 312 μέρους
1234 253 1444 308 πεσόντων,
1478 256 1684 313 ἐτρέποντο

239 323 313 377 μὲν
332 323 368 364 οἱ
384 321 586 377 Ῥωμαῖοι,
611 323 678 364 διὰ
702 324 745 365 δὲ
765 324 965 380 ἀτρίπτων
983 323 1117 373 αὐτοῖς
1134 321 1238 365 ὁδῶν
1259 321 1575 380 ἀπροσδοκήτοις
1599 324 1686 365 ε’πι-

239 388 425 441 πεσόντες
456 392 567 433 πέντε
601 395 681 433 τῶν
699 389 921 448 βαρβάρων
947 390 1148 447 μυριάδας
1178 392 1425 448 διέφθειραν.
1491 398 1614 448 μοῖρα
1643 391 1686 432 δὲ

239 463 319 501 τῶν
336 461 511 500 Σκυθῶν
538 459 765 501 Θεσσαλίαν
790 461 856 501 καὶ
882 459 953 513 τὴν
966 457 1141 502 Ἑλλάδα
1160 457 1455 516 περιπλεύσασα
1474 459 1569 509 τοὺς
1586 457 1717 501 vad-5
1764 513 1766 517 y

238 543 288 582 τῃ
320 524 467 576 τόπους
497 527 690 581 ἐληίζετο,
725 525 861 570 πόλεσι
889 529 961 581 μὲν
983 528 1130 570 ἐπιέναι
1157 527 1214 581 μὴ
1234 527 1432 582 δυναμένη
1453 531 1511 585 τῷ
1528 530 1686 584 φθῆναι

241 591 392 643 ταύτας
415 599 554 648 τειχῶν
577 612 618 636 τε
640 597 707 637 καὶ
726 599 798 650 τῆς
819 595 943 650 ἄλλης
966 596 1186 653 ἀσφαλείας
1207 597 1402 652 φροντίδα
1422 593 1686 650 ποιήσασθαι,

240 661 335 712 τοὺς
356 663 399 703 δὲ
424 663 465 703 ἓν
485 670 567 712 τοῖς
589 663 724 719 ἀγροῖς
749 662 1049 720 εὑρισκομένους
1073 661 1296 718 ἀπάγουσα.

376 727 456 774 44.
526 735 621 772 Τῶν
646 734 819 774 Σκυθῶν
849 733 1001 783 τοίνυν,
1045 729 1100 780 ὡς
1128 733 1359 784 διεξῆλθον,
1393 730 1689 785 ἐσκεδασμένων

241 798 308 839 καὶ
331 797 376 839 τὸ
406 797 507 839 πολὺ
538 799 658 854 μέρος
690 798 995 852 ἀποβαλόντων,
1030 797 1429 856 μειζόνωνκὲφιεμένη
1459 797 1486 853 ἦ
1509 799 1690 854 Ζηνοβία
1701 802 1745 837 10

242 863 488 921 πραγμάτων
510 864 683 919 Ζάβδαν
702 868 764 908 ἐπὶ
786 868 857 922 τὴν
882 868 1089 923 Αἴγυπτον
1113 867 1310 920 ἐκπέμπει,
1348 867 1596 922 Τιμαγένους
1619 866 1692 908 ἀν-

243 933 341 988 δρὸς
362 935 587 989 Αἰγυπτίου
605 933 677 988 τὴν
693 934 820 992 ἀρχὴν
835 940 907 989 τῆς
918 933 1127 991 Αἰγύπτου
1149 937 1439 992 Παλμυρηνοῖς
1457 951 1691 991 καταπρατ-

242 1000 424 1053 τομένου.
492 1003 761 1055 συναχθέντος
789 1004 832 1045 δὲ
853 1007 925 1046 τοῦ
946 1001 1243 1060 στρατεύματος
1258 1005 1301 1045 ἐκ
1317 1005 1603 1059 Παλμυρηνῶν
1624 1003 1692 1044 καὶ

243 1066 388 1124 Σύρων
405 1071 471 1110 καὶ
490 1069 714 1127 βαρβάρων
733 1072 773 1120 ἒς
791 1070 891 1114 ἔπτὰ
912 1069 1136 1128 μυριάδας,
1170 1073 1237 1112 καὶ
1271 1071 1504 1126 Αἰγυπτίων
1521 1087 1562 1112 τε
1579 1071 1691 1112 πέντε

240 1135 432 1191 μυριάσιν
453 1137 895 1194 ἀντιπαραταξαμένων,
916 1138 1049 1194 μάχης
1067 1144 1262 1196 καρτερᾶς
1279 1139 1488 1195 γενομένης
1500 1143 1691 1196 περιῆσαν
1702 1141 1745 1177 15

242 1203 281 1244 οἳ
303 1206 571 1261 Παλμυρηνοὶ
599 1207 709 1262 παρὰ
738 1208 838 1248 πολὺ
867 1213 924 1264 τῷ
951 1207 1132 1264 πολέμῳ,
1161 1210 1228 1248 καὶ
1247 1206 1430 1264 φρουρὰν
1447 1204 1688 1262 ἐγκαταστή-

243 1288 384 1321 σαντες
400 1276 723 1327 πεντακισχιλίων
746 1275 902 1330 ἀνδρῶν
927 1273 1195 1330 ἀνεχώρησαν.
1261 1272 1430 1330 Πρόβος
1452 1275 1495 1315 δὲ
1512 1278 1693 1331 καθῆραι

242 1343 323 1379 ’τῶν
355 1346 678 1382 καταποντιστῶν
703 1342 775 1396 τὴν
801 1341 1012 1385 θάλατταν
1044 1343 1086 1383 ἐκ
1118 1342 1316 1395 βασιλέως
1345 1343 1531 1395 ταχθείς,
1559 1341 1692 1396 ἐπειδὴ

242 1405 316 1459 τὴν
347 1407 556 1462 Αἴγυπτον
583 1407 680 1463 ἔγνω
708 1410 820 1466 παρὰ
851 1413 1136 1466 Παλμυρηνῶν
1168 1410 1356 1464 ἐχομένην
1365 1441 1378 1461 ,
1413 1408 1500 1463 ἅμα
1537 1414 1588 1466 τῇ
1619 1409 1693 1452 σὺν

243 1474 357 1530 αὐτῷ
383 1473 548 1528 δυνάμει
567 1478 633 1517 καὶ
655 1479 888 1533 Αἰγυπτίων
915 1478 1002 1520 ὅσοι
1027 1478 1084 1531 μὴ
1110 1477 1161 1519 τὰ
1184 1480 1470 1534 Παλμυρηνῶν
1495 1479 1746 1534 φρονοῦν-20

242 1557 308 1590 τες
325 1540 463 1595 ἔτυχον
480 1544 711 1597 ἐπιθέμενος
733 1546 805 1599 τὴν
825 1546 898 1599 μὲν
922 1545 1105 1602 φρουρὰν
1127 1546 1330 1598 ἐξέβαλεν·
1364 1540 1487 1595 αὖθις
1507 1546 1550 1588 δὲ
1570 1547 1692 1587 Παλ-

240 1614 431 1666 μυρηνῶν
451 1611 840 1668 ἐπιστρατευσάντων
849 1645 861 1665 ,
897 1611 1187 1669 συναγαγόντος
1217 1614 1259 1655 δὲ
1285 1614 1353 1654 καὶ
1377 1611 1548 1669 Πρόβου
1566 1630 1692 1670 στρα-

334 1718 360 1751 2
381 1716 582 1762 πεσόντων]
606 1719 751 1753 πολλῶν
769 1717 955 1754 πεσόντων
984 1721 1102 1764 Steph.
1235 1721 1258 1755 3
1282 1715 1410 1759 αὐτοῖς
1425 1729 1478 1753 om
1492 1719 1534 1753 P.
1649 1721 1691 1754 11

336 1762 451 1795 Zabas
467 1763 655 1807 Vopiscus,
679 1766 790 1799 Sabas
813 1767 934 1800 Pollio.
1107 1764 1150 1800 14
1173 1769 1226 1804 τε]
1252 1762 1321 1798 δεῖ)
1480 1766 1524 1800 17
1545 1762 1695 1810 Πρόβος

335 1807 435 1841 etiam
451 1808 624 1852 Zonarae3
648 1811 708 1844 sed
723 1811 896 1845 Trebellio
914 1811 1057 1845 Pollioni
1074 1810 1108 1844 in
1122 1810 1263 1844 Claudio
1278 1810 1461 1845 Probatus.

242 1895 450 1932 dimicarunt.
497 1903 638 1944 occepto
663 1901 793 1945 proelio
823 1911 895 1934 cum
920 1902 962 1934 ab
989 1904 1132 1945 utraque
1155 1903 1254 1945 parte
1271 1899 1367 1933 multi
1388 1898 1597 1941 cecidissent,
1619 1900 1694 1934 Ro—

243 1940 332 1973 mani
356 1943 485 1984 quidem
507 1945 541 1977 in
564 1947 675 1988 fugam
693 1958 732 1979 se
754 1946 991 1979 coniiciebant:
1016 1946 1075 1980 sed
1098 1957 1159 1990 per
1183 1945 1306 1979 itinera
1323 1945 1598 1978 nullisffiominum
1613 1945 1695 1978 trita

242 1985 395 2029 vestigiis
421 1988 555 2022 eosdem
585 2003 625 2023 ex
652 1991 831 2034 improviso
855 1991 966 2024 adorti
989 1989 1230 2034 quinquaginta
1251 1989 1351 2023 millia
1373 1988 1591 2022 barbarorum
1605 1990 1695 2023 ceci·-

243 2029 377 2065 derunt.
423 2034 585 2076 quaedam
610 2034 811 2077 Scytliarum
842 2047 943 2080 pars,
969 2034 1179 2069 Thessaliam
1196 2034 1440 2078 Graeciamque
1457 2033 1695 2077 circumvecta,

244 2075 369 2120 passim
386 2088 427 2110 ea
440 2078 513 2111 loca
530 2080 770 2122 populabatur3
795 2091 882 2123 quae
901 2092 973 2114 cum
997 2079 1135 2123 aggredi
1157 2079 1280 2123 oppida
1303 2083 1483 2123 propterea
1497 2091 1563 2112 non
1578 2084 1696 2124 posset

245 2120 337 2164 quod
352 2132 393 2154 ea
408 2123 508 2155 muris
524 2124 655 2168 alioque
670 2125 858 2158 necessario
871 2125 1038 2169 praesidio
1061 2136 1097 2157 se
1120 2124 1184 2158 iam
1207 2129 1308 2158 antea
1322 2123 1500 2167 diligenter
1515 2125 1693 2159 communi-

244 2166 384 2212 vissenr‚
409 2168 556 2201 homines
568 2169 601 2201 in
618 2170 708 2212 agris
724 2175 877 2214 repertos
893 2170 1092 2203 abducebat.

334 2211 389 2246 44.
435 2213 557 2257 ltaque
576 2214 653 2247 dum
665 2215 813 2257 Scythae
838 2215 980 2260 dispersi
1005 2218 1171 2257 vagantur
1192 2214 1226 2248 in
1251 2214 1339 2247 hunc
1353 2225 1450 2258 quem
1466 2214 1607 2249 diximus
1621 2226 1694 2249 mo—

245 2255 342 2299 dum,
375 2268 494 2301 magno
521 2270 655 2293 suorum
685 2261 804 2294 amisso
833 2272 989 2300 numero,
1021 2259 1147 2294 maiora
1171 2259 1334 2303 quaedam
1357 2265 1519 2304 appetens
1544 2261 1695 2296 Zenobia

245 2301 396 2335 Zabdam
411 2302 444 2336 in
461 2305 649 2347 Aegyptum
665 2305 784 2346 mittit,
809 2306 897 2348 quod
913 2305 1102 2350 Aegyptius
1117 2305 1247 2349 quidam
1265 2305 1468 2348 Timagenes
1482 2305 1694 2348 Palmyrenis

243 2347 393 2391 Aegypti
411 2347 610 2382 dominatum
631 2350 768 2383 tradere
792 2356 981 2383 conaretur.
1028 2355 1148 2383 coacto
1174 2350 1216 2383 de
1241 2350 1451 2392 Palmyrenis
1478 2355 1514 2384 et
1538 2350 1634 2393 Syris
1659 2354 1695 2384 et

245 2391 400 2426 barbaris
417 2393 586 2438 exercitu,
610 2395 651 2427 ad
666 2396 877 2439 septuaginta
893 2407 999 2439 usque
1025 2395 1131 2436 milia,
1155 2394 1352 2439 prodierunt
1362 2395 1398 2428 in
1415 2395 1520 2428 aciem
1535 2396 1696 2429 adversus

248 2437 309 2469 bos
325 2438 565 2482 Aegypt-iorum
587 2439 631 2472 ad
656 2441 896 2483 quinquaginta
922 2440 1028 2480 milia3
1054 2451 1137 2484 quos
1158 2440 1247 2473 inter
1261 2441 1419 2484 utrinque
1434 2441 1505 2474 acri
1520 2440 1694 2478 commisso

248 2483 388 2526 proelio,
411 2484 603 2526 Palmyreni
619 2485 718 2528 longe
734 2486 797 2518 hoc
814 2487 899 2518 bello
916 2486 1106 2529 superiores
1127 2485 1346 2525 exstiterunt,
1367 2492 1403 2518 et
1424 2485 1578 2530 imposito
1597 2485 1695 2529 quin-

248 2538 316 2570 que
330 2529 451 2562 milium
466 2530 629 2575 praesidio
646 2531 763 2574 pedem
780 2531 989 2563 rettulerunt.
1035 2531 1179 2572 Probus,
1203 2530 1255 2562 cui
1271 2530 1383 2563 datum
1399 2534 1473 2564 erat
1487 2531 1530 2563 ab
1550 2530 1697 2574 impera-

248 2577 324 2606 tore
346 2575 515 2618 negotium
540 2575 637 2608 maris
657 2586 677 2607 a
698 2575 815 2620 piratis
835 2576 1052 2619 repurgandi,
1075 2580 1292 2619 posteaquam
1318 2574 1425 2608 teneri
1444 2585 1466 2607 a
1485 2575 1696 2617 Palmyrenis

248 2617 441 2663 Aegyptum
462 2621 697 2663 cognovisset,
720 2632 791 2653 cum
821 2621 925 2664 copiis
951 2620 1019 2653 suis
1043 2625 1079 2654 et
1101 2620 1352 2663 Aegyptiorum,
1376 2623 1541 2664 quotquot
1558 2619 1696 2654 alienia

248 2660 524 2707 Palmyrenorum
540 2666 692 2711 partibus
707 2670 803 2699 erant
813 2691 823 2707 ‚
847 2667 962 2698 hostes
978 2676 1157 2709 aggressus
1175 2665 1375 2709 praesidium
1391 2665 1499 2698 eiecit.
1544 2664 1606 2697 sed
1621 2676 1695 2698 cum

244 2705 441 2753 ,Palmyreni
456 2711 565 2746 denuo
584 2723 658 2746 cum
675 2711 825 2756 exercitu
840 2711 1029 2754 venissent,
1050 2711 1230 2756 itidemque
1250 2710 1383 2744 Probus
1398 2709 1585 2755 Aegyptias
1603 2709 1695 2744 Afri-
