<?xml version="1.0" encoding="UTF-8"?>
<!DOCTYPE html PUBLIC "-//W3C//DTD XHTML 1.0 Transitional//EN"
    "http://www.w3.org/TR/xhtml1/DTD/xhtml1-transitional.dtd">
<html xmlns="http://www.w3.org/1999/xhtml" xml:lang="en" lang="en">
 <head>
  <title>
</title>
<meta http-equiv="Content-Type" content="text/html;charset=utf-8" />
  <meta name='ocr-system' content='tesseract 3.04.00' />
  <meta name='ocr-capabilities' content='ocr_page ocr_carea ocr_par ocr_line ocrx_word'/>
</head>
<body>
  <div class='ocr_page' id='page_1' title='image "./corpusscriptorum50niebuoft_0380.png"; bbox 0 0 1812 3016; ppageno 0'>
   <div class='ocr_carea' id='block_1_1' title="bbox 283 65 1183 118">
    <p class='ocr_par' dir='ltr' id='par_1_1' title="bbox 283 65 1183 118">
     <span class='ocr_line' id='line_1_1' title="bbox 283 65 1183 118; baseline 0.003 -4"><span class='ocrx_word' id='word_1_1' title='bbox 283 65 381 115; x_wconf 83' lang='lat'>334</span> <span class='ocrx_word' id='word_1_2' title='bbox 821 71 1183 118; x_wconf 85' lang='lat' dir='ltr'><strong>REITEMEIERI</strong></span> 
     </span>
    </p>
   </div>
   <div class='ocr_carea' id='block_1_2' title="bbox 270 177 1728 2752">
    <p class='ocr_par' dir='ltr' id='par_1_2' title="bbox 279 177 1722 405">
     <span class='ocr_line' id='line_1_2' title="bbox 279 177 1720 237; baseline 0.005 -19"><span class='ocrx_word' id='word_1_3' title='bbox 279 185 502 232; x_wconf 69' lang='lat' dir='ltr'>perstarem</span> <span class='ocrx_word' id='word_1_4' title='bbox 530 188 583 218; x_wconf 81' lang='lat' dir='ltr'>ex</span> <span class='ocrx_word' id='word_1_5' title='bbox 614 177 751 221; x_wconf 74' lang='lat' dir='ltr'>matris</span> <span class='ocrx_word' id='word_1_6' title='bbox 783 179 947 220; x_wconf 77' lang='lat' dir='ltr'>avaritia</span> <span class='ocrx_word' id='word_1_7' title='bbox 982 178 1174 221; x_wconf 78' lang='lat' dir='ltr'>invidiam</span> <span class='ocrx_word' id='word_1_8' title='bbox 1213 178 1320 237; x_wconf 74' lang='lat' dir='ltr'>apud</span> <span class='ocrx_word' id='word_1_9' title='bbox 1347 183 1494 224; x_wconf 77' lang='lat' dir='ltr'><strong>milites</strong></span> <span class='ocrx_word' id='word_1_10' title='bbox 1517 184 1594 224; x_wconf 79' lang='lat' dir='ltr'>sibi</span> <span class='ocrx_word' id='word_1_11' title='bbox 1625 198 1720 225; x_wconf 83' lang='lat' dir='ltr'>oon-</span> 
     </span>
     <span class='ocr_line' id='line_1_3' title="bbox 281 237 1171 276; baseline 0.001 -1"><span class='ocrx_word' id='word_1_12' title='bbox 281 237 409 275; x_wconf 83' lang='lat' dir='ltr'>flasse.</span> <span class='ocrx_word' id='word_1_13' title='bbox 1166 268 1171 276; x_wconf 84' lang='lat'><strong>.</strong></span> 
     </span>
     <span class='ocr_line' id='line_1_4' title="bbox 389 291 1722 345; baseline 0.003 -15"><span class='ocrx_word' id='word_1_14' title='bbox 389 306 433 345; x_wconf 86' lang='lat' dir='ltr'>p.</span> <span class='ocrx_word' id='word_1_15' title='bbox 454 294 505 335; x_wconf 89' lang='lat'>18</span> <span class='ocrx_word' id='word_1_16' title='bbox 523 303 563 331; x_wconf 77' lang='lat' dir='ltr'>v.</span> <span class='ocrx_word' id='word_1_17' title='bbox 586 294 654 334; x_wconf 86' lang='lat'>11.</span> <span class='ocrx_word' id='word_1_18' title='bbox 710 291 760 331; x_wconf 87' lang='lat' dir='ltr'>de</span> <span class='ocrx_word' id='word_1_19' title='bbox 778 291 997 331; x_wconf 78' lang='lat' dir='ltr'>Alexandri</span> <span class='ocrx_word' id='word_1_20' title='bbox 1014 300 1139 332; x_wconf 86' lang='lat' dir='ltr'>morte</span> <span class='ocrx_word' id='word_1_21' title='bbox 1157 294 1208 332; x_wconf 81' lang='lat' dir='ltr'>cf.</span> <span class='ocrx_word' id='word_1_22' title='bbox 1226 293 1439 334; x_wconf 86' lang='lat' dir='ltr'>Herodian.</span> <span class='ocrx_word' id='word_1_23' title='bbox 1457 297 1484 338; x_wconf 88' lang='grc'>6</span> <span class='ocrx_word' id='word_1_24' title='bbox 1512 298 1554 338; x_wconf 87' lang='grc'>9.</span> <span class='ocrx_word' id='word_1_25' title='bbox 1720 326 1722 329; x_wconf 91' lang='grc'><strong>.</strong></span> 
     </span>
     <span class='ocr_line' id='line_1_5' title="bbox 285 348 1721 405; baseline 0.005 -21"><span class='ocrx_word' id='word_1_26' title='bbox 285 357 293 378; x_wconf 63' lang='lat'>³</span> <span class='ocrx_word' id='word_1_27' title='bbox 388 362 431 400; x_wconf 83' lang='lat' dir='ltr'>p.</span> <span class='ocrx_word' id='word_1_28' title='bbox 467 351 517 390; x_wconf 88' lang='lat'>19</span> <span class='ocrx_word' id='word_1_29' title='bbox 549 358 588 386; x_wconf 78' lang='lat' dir='ltr'>v.</span> <span class='ocrx_word' id='word_1_30' title='bbox 619 348 661 390; x_wconf 86' lang='lat'>4.</span> <span class='ocrx_word' id='word_1_31' title='bbox 745 362 846 401; x_wconf 87' lang='lat' dir='ltr'>quae</span> <span class='ocrx_word' id='word_1_32' title='bbox 885 348 937 387; x_wconf 86' lang='lat' dir='ltr'>ad</span> <span class='ocrx_word' id='word_1_33' title='bbox 969 350 1255 389; x_wconf 83' lang='lat' dir='ltr'>Gordianorum</span> <span class='ocrx_word' id='word_1_34' title='bbox 1291 349 1496 390; x_wconf 80' lang='lat' dir='ltr'><strong>historiam</strong></span> <span class='ocrx_word' id='word_1_35' title='bbox 1530 358 1721 405; x_wconf 83' lang='lat' dir='ltr'>spectant,</span> 
     </span>
    </p>

    <p class='ocr_par' dir='ltr' id='par_1_3' title="bbox 277 402 1725 682">
     <span class='ocr_line' id='line_1_6' title="bbox 279 402 1723 460; baseline 0.003 -18"><span class='ocrx_word' id='word_1_36' title='bbox 279 403 603 457; x_wconf 81' lang='lat' dir='ltr'>quandoquidem</span> <span class='ocrx_word' id='word_1_37' title='bbox 640 418 663 442; x_wconf 82' lang='lat' dir='ltr'>a</span> <span class='ocrx_word' id='word_1_38' title='bbox 700 402 859 443; x_wconf 88' lang='lat' dir='ltr'>Zosimo</span> <span class='ocrx_word' id='word_1_39' title='bbox 898 414 1038 457; x_wconf 85' lang='lat' dir='ltr'>parum</span> <span class='ocrx_word' id='word_1_40' title='bbox 1077 414 1209 444; x_wconf 84' lang='lat' dir='ltr'>curate</span> <span class='ocrx_word' id='word_1_41' title='bbox 1247 409 1426 458; x_wconf 87' lang='lat' dir='ltr'>exposita</span> <span class='ocrx_word' id='word_1_42' title='bbox 1464 416 1578 457; x_wconf 88' lang='lat' dir='ltr'>sunt,</span> <span class='ocrx_word' id='word_1_43' title='bbox 1633 407 1723 460; x_wconf 82' lang='lat' dir='ltr'>lege</span> 
     </span>
     <span class='ocr_line' id='line_1_7' title="bbox 281 462 1725 515; baseline 0.003 -17"><span class='ocrx_word' id='word_1_44' title='bbox 281 463 335 499; x_wconf 86' lang='lat' dir='ltr'>sis</span> <span class='ocrx_word' id='word_1_45' title='bbox 350 463 492 499; x_wconf 86' lang='lat' dir='ltr'>melius</span> <span class='ocrx_word' id='word_1_46' title='bbox 517 463 694 511; x_wconf 85' lang='lat' dir='ltr'>exposita</span> <span class='ocrx_word' id='word_1_47' title='bbox 722 462 770 499; x_wconf 88' lang='lat' dir='ltr'>ab</span> <span class='ocrx_word' id='word_1_48' title='bbox 791 462 1014 501; x_wconf 82' lang='lat' dir='ltr'>Herodiano</span> <span class='ocrx_word' id='word_1_49' title='bbox 1033 465 1060 504; x_wconf 90' lang='lat'>7</span> <span class='ocrx_word' id='word_1_50' title='bbox 1085 463 1111 504; x_wconf 89' lang='lat'><strong><em>5</em></strong></span> <span class='ocrx_word' id='word_1_51' title='bbox 1133 470 1171 500; x_wconf 88' lang='lat' dir='ltr'>et</span> <span class='ocrx_word' id='word_1_52' title='bbox 1187 463 1261 503; x_wconf 93' lang='lat' dir='ltr'>Iul.</span> <span class='ocrx_word' id='word_1_53' title='bbox 1280 462 1499 515; x_wconf 83' lang='lat' dir='ltr'>Capitolino</span> <span class='ocrx_word' id='word_1_54' title='bbox 1519 466 1598 503; x_wconf 86' lang='lat' dir='ltr'>vit.</span> <span class='ocrx_word' id='word_1_55' title='bbox 1620 466 1725 502; x_wconf 85' lang='lat' dir='ltr'>Gor·-</span> 
     </span>
     <span class='ocr_line' id='line_1_8' title="bbox 280 516 1724 571; baseline 0.003 -17"><span class='ocrx_word' id='word_1_56' title='bbox 280 516 389 555; x_wconf 86' lang='lat' dir='ltr'>diani</span> <span class='ocrx_word' id='word_1_57' title='bbox 413 531 446 555; x_wconf 88' lang='lat' dir='ltr'>c.</span> <span class='ocrx_word' id='word_1_58' title='bbox 465 519 506 558; x_wconf 87' lang='lat'>7.</span> <span class='ocrx_word' id='word_1_59' title='bbox 565 517 807 555; x_wconf 84' lang='lat' dir='ltr'>Gordianum</span> <span class='ocrx_word' id='word_1_60' title='bbox 826 531 973 567; x_wconf 89' lang='lat' dir='ltr'>senem,</span> <span class='ocrx_word' id='word_1_61' title='bbox 1001 518 1158 556; x_wconf 83' lang='lat' dir='ltr'>Africae</span> <span class='ocrx_word' id='word_1_62' title='bbox 1175 520 1463 571; x_wconf 81' lang='lat' dir='ltr'>proconsulem,</span> <span class='ocrx_word' id='word_1_63' title='bbox 1483 520 1652 558; x_wconf 81' lang='lat' dir='ltr'>invitum</span> <span class='ocrx_word' id='word_1_64' title='bbox 1671 519 1724 557; x_wconf 85' lang='lat' dir='ltr'>ad</span> 
     </span>
     <span class='ocr_line' id='line_1_9' title="bbox 278 574 1722 629; baseline 0.003 -19"><span class='ocrx_word' id='word_1_65' title='bbox 278 574 490 625; x_wconf 90' lang='lat' dir='ltr'>imperium</span> <span class='ocrx_word' id='word_1_66' title='bbox 508 580 684 625; x_wconf 85' lang='lat' dir='ltr'>raptum,</span> <span class='ocrx_word' id='word_1_67' title='bbox 717 587 758 611; x_wconf 89' lang='lat' dir='ltr'>re</span> <span class='ocrx_word' id='word_1_68' title='bbox 774 577 942 612; x_wconf 83' lang='lat' dir='ltr'>Romam</span> <span class='ocrx_word' id='word_1_69' title='bbox 957 577 1148 623; x_wconf 79' lang='lat' dir='ltr'>nuntiata,</span> <span class='ocrx_word' id='word_1_70' title='bbox 1180 582 1338 613; x_wconf 86' lang='lat' dir='ltr'>senatus</span> <span class='ocrx_word' id='word_1_71' title='bbox 1360 575 1569 614; x_wconf 83' lang='lat' dir='ltr'><strong>Maximini</strong></span> <span class='ocrx_word' id='word_1_72' title='bbox 1585 583 1722 629; x_wconf 77' lang='lat' dir='ltr'>tyran-</span> 
     </span>
     <span class='ocr_line' id='line_1_10' title="bbox 277 629 1461 682; baseline 0.002 -15"><span class='ocrx_word' id='word_1_73' title='bbox 277 629 414 668; x_wconf 88' lang='lat' dir='ltr'>nidem</span> <span class='ocrx_word' id='word_1_74' title='bbox 435 629 669 668; x_wconf 87' lang='lat' dir='ltr'>iamdudum</span> <span class='ocrx_word' id='word_1_75' title='bbox 686 643 828 668; x_wconf 85' lang='lat' dir='ltr'>exosus</span> <span class='ocrx_word' id='word_1_76' title='bbox 847 644 937 669; x_wconf 88' lang='lat' dir='ltr'>cum</span> <span class='ocrx_word' id='word_1_77' title='bbox 956 631 1036 668; x_wconf 89' lang='lat' dir='ltr'>filio</span> <span class='ocrx_word' id='word_1_78' title='bbox 1053 629 1328 682; x_wconf 81' lang='lat' dir='ltr'>imperatorem</span> <span class='ocrx_word' id='word_1_79' title='bbox 1345 629 1461 669; x_wconf 79' lang='lat' dir='ltr'>dixit.</span> 
     </span>
    </p>

    <p class='ocr_par' dir='ltr' id='par_1_4' title="bbox 274 686 1728 1634">
     <span class='ocr_line' id='line_1_11' title="bbox 389 686 1725 739; baseline 0.001 -16"><span class='ocrx_word' id='word_1_80' title='bbox 389 694 430 737; x_wconf 89' lang='lat' dir='ltr'>p.</span> <span class='ocrx_word' id='word_1_81' title='bbox 451 689 505 727; x_wconf 81' lang='grc'>20</span> <span class='ocrx_word' id='word_1_82' title='bbox 527 700 563 726; x_wconf 84' lang='lat' dir='ltr'>v.</span> <span class='ocrx_word' id='word_1_83' title='bbox 579 686 620 727; x_wconf 83' lang='lat'>4.</span> <span class='ocrx_word' id='word_1_84' title='bbox 675 688 802 724; x_wconf 83' lang='lat' dir='ltr'>maior</span> <span class='ocrx_word' id='word_1_85' title='bbox 817 694 875 724; x_wconf 89' lang='lat' dir='ltr'>est</span> <span class='ocrx_word' id='word_1_86' title='bbox 891 689 1097 725; x_wconf 83' lang='lat' dir='ltr'>auctoritas</span> <span class='ocrx_word' id='word_1_87' title='bbox 1118 700 1239 738; x_wconf 81' lang='lat' dir='ltr'>penes</span> <span class='ocrx_word' id='word_1_88' title='bbox 1257 687 1525 725; x_wconf 86' lang='lat' dir='ltr'>Herodianum</span> <span class='ocrx_word' id='word_1_89' title='bbox 1546 691 1585 725; x_wconf 82' lang='lat' dir='ltr'>et</span> <span class='ocrx_word' id='word_1_90' title='bbox 1602 687 1725 739; x_wconf 82' lang='lat' dir='ltr'>capi--</span> 
     </span>
     <span class='ocr_line' id='line_1_12' title="bbox 279 739 1721 796; baseline 0.001 -16"><span class='ocrx_word' id='word_1_91' title='bbox 279 739 467 791; x_wconf 88' lang='lat' dir='ltr'>tolinum‚</span> <span class='ocrx_word' id='word_1_92' title='bbox 505 744 574 794; x_wconf 90' lang='lat' dir='ltr'>qui</span> <span class='ocrx_word' id='word_1_93' title='bbox 591 755 671 779; x_wconf 92' lang='lat' dir='ltr'>non</span> <span class='ocrx_word' id='word_1_94' title='bbox 689 741 868 780; x_wconf 86' lang='lat' dir='ltr'>fluctibus</span> <span class='ocrx_word' id='word_1_95' title='bbox 890 745 1010 781; x_wconf 89' lang='lat' dir='ltr'>maris</span> <span class='ocrx_word' id='word_1_96' title='bbox 1033 742 1275 781; x_wconf 84' lang='lat' dir='ltr'>Gordianum</span> <span class='ocrx_word' id='word_1_97' title='bbox 1290 743 1438 792; x_wconf 88' lang='lat' dir='ltr'>filium,</span> <span class='ocrx_word' id='word_1_98' title='bbox 1469 742 1541 781; x_wconf 87' lang='lat' dir='ltr'>sed</span> <span class='ocrx_word' id='word_1_99' title='bbox 1557 744 1721 796; x_wconf 82' lang='lat' dir='ltr'>proelio,</span> 
     </span>
     <span class='ocr_line' id='line_1_13' title="bbox 279 797 1723 850; baseline 0.001 -15"><span class='ocrx_word' id='word_1_100' title='bbox 279 798 389 850; x_wconf 89' lang='lat' dir='ltr'>quod</span> <span class='ocrx_word' id='word_1_101' title='bbox 414 801 457 836; x_wconf 91' lang='lat' dir='ltr'>in</span> <span class='ocrx_word' id='word_1_102' title='bbox 473 799 606 835; x_wconf 89' lang='lat' dir='ltr'>Africa</span> <span class='ocrx_word' id='word_1_103' title='bbox 628 797 882 837; x_wconf 80' lang='lat' dir='ltr'>commissum</span> <span class='ocrx_word' id='word_1_104' title='bbox 910 797 1005 847; x_wconf 82' lang='lat' dir='ltr'>fuit,</span> <span class='ocrx_word' id='word_1_105' title='bbox 1042 800 1227 850; x_wconf 85' lang='lat' dir='ltr'>periisse,</span> <span class='ocrx_word' id='word_1_106' title='bbox 1264 806 1416 850; x_wconf 85' lang='lat' dir='ltr'>patrem</span> <span class='ocrx_word' id='word_1_107' title='bbox 1435 806 1568 837; x_wconf 87' lang='lat' dir='ltr'>autem</span> <span class='ocrx_word' id='word_1_108' title='bbox 1588 798 1723 837; x_wconf 81' lang='lat' dir='ltr'>audita</span> 
     </span>
     <span class='ocr_line' id='line_1_14' title="bbox 280 853 1722 906; baseline 0 -15"><span class='ocrx_word' id='word_1_109' title='bbox 280 855 353 891; x_wconf 79' lang='lat' dir='ltr'>filii</span> <span class='ocrx_word' id='word_1_110' title='bbox 371 861 517 902; x_wconf 88' lang='lat' dir='ltr'>morte,</span> <span class='ocrx_word' id='word_1_111' title='bbox 549 853 763 905; x_wconf 87' lang='lat' dir='ltr'>desperatis</span> <span class='ocrx_word' id='word_1_112' title='bbox 781 855 909 903; x_wconf 88' lang='lat' dir='ltr'>rebus,</span> <span class='ocrx_word' id='word_1_113' title='bbox 938 855 1080 906; x_wconf 84' lang='lat' dir='ltr'>laqueo</span> <span class='ocrx_word' id='word_1_114' title='bbox 1099 857 1222 892; x_wconf 78' lang='lat' dir='ltr'>vitam</span> <span class='ocrx_word' id='word_1_115' title='bbox 1237 853 1383 893; x_wconf 86' lang='lat' dir='ltr'>finiisse</span> <span class='ocrx_word' id='word_1_116' title='bbox 1398 855 1572 894; x_wconf 88' lang='lat' dir='ltr'>tradunt.</span> <span class='ocrx_word' id='word_1_117' title='bbox 1629 855 1722 893; x_wconf 87' lang='lat' dir='ltr'>Sal-</span> 
     </span>
     <span class='ocr_line' id='line_1_15' title="bbox 279 908 1724 962; baseline 0.001 -15"><span class='ocrx_word' id='word_1_118' title='bbox 279 912 428 948; x_wconf 89' lang='lat' dir='ltr'>masius</span> <span class='ocrx_word' id='word_1_119' title='bbox 459 908 537 962; x_wconf 88' lang='lat' dir='ltr'>(ad</span> <span class='ocrx_word' id='word_1_120' title='bbox 567 910 833 961; x_wconf 79' lang='lat' dir='ltr'>Capitolinum</span> <span class='ocrx_word' id='word_1_121' title='bbox 862 924 903 962; x_wconf 87' lang='lat' dir='ltr'>p.</span> <span class='ocrx_word' id='word_1_122' title='bbox 931 909 1034 961; x_wconf 85' lang='lat'>189)</span> <span class='ocrx_word' id='word_1_123' title='bbox 1066 923 1238 948; x_wconf 87' lang='lat' dir='ltr'>errorem</span> <span class='ocrx_word' id='word_1_124' title='bbox 1255 909 1406 949; x_wconf 81' lang='lat' dir='ltr'>Zosimi</span> <span class='ocrx_word' id='word_1_125' title='bbox 1437 918 1566 949; x_wconf 81' lang='lat' dir='ltr'>ortum</span> <span class='ocrx_word' id='word_1_126' title='bbox 1593 923 1646 949; x_wconf 86' lang='lat' dir='ltr'>ex</span> <span class='ocrx_word' id='word_1_127' title='bbox 1674 924 1724 948; x_wconf 88' lang='lat' dir='ltr'>eo</span> 
     </span>
     <span class='ocr_line' id='line_1_16' title="bbox 281 965 1723 1019; baseline 0.001 -16"><span class='ocrx_word' id='word_1_128' title='bbox 281 973 393 1018; x_wconf 89' lang='lat' dir='ltr'>putat</span> <span class='ocrx_word' id='word_1_129' title='bbox 413 965 532 1018; x_wconf 88' lang='lat' dir='ltr'>quod,</span> <span class='ocrx_word' id='word_1_130' title='bbox 560 967 779 1017; x_wconf 86' lang='lat' dir='ltr'>Capitolino</span> <span class='ocrx_word' id='word_1_131' title='bbox 797 974 911 1015; x_wconf 87' lang='lat' dir='ltr'>teste,</span> <span class='ocrx_word' id='word_1_132' title='bbox 941 966 1128 1004; x_wconf 87' lang='lat' dir='ltr'>Gordiani</span> <span class='ocrx_word' id='word_1_133' title='bbox 1149 969 1296 1018; x_wconf 86' lang='lat' dir='ltr'>copiae,</span> <span class='ocrx_word' id='word_1_134' title='bbox 1326 974 1538 1019; x_wconf 84' lang='lat' dir='ltr'>antequam</span> <span class='ocrx_word' id='word_1_135' title='bbox 1556 980 1723 1005; x_wconf 78' lang='lat' dir='ltr'>concur—</span> 
     </span>
     <span class='ocr_line' id='line_1_17' title="bbox 280 1021 1722 1074; baseline 0 -13"><span class='ocrx_word' id='word_1_136' title='bbox 280 1036 369 1061; x_wconf 87' lang='lat' dir='ltr'>sum</span> <span class='ocrx_word' id='word_1_137' title='bbox 387 1024 450 1071; x_wconf 84' lang='lat' dir='ltr'>sit,</span> <span class='ocrx_word' id='word_1_138' title='bbox 479 1021 723 1074; x_wconf 82' lang='lat' dir='ltr'>tempestatis</span> <span class='ocrx_word' id='word_1_139' title='bbox 740 1025 780 1060; x_wconf 80' lang='lat' dir='ltr'>vi</span> <span class='ocrx_word' id='word_1_140' title='bbox 802 1022 1010 1074; x_wconf 84' lang='lat' dir='ltr'>dissipatae</span> <span class='ocrx_word' id='word_1_141' title='bbox 1028 1024 1193 1071; x_wconf 73' lang='lat' dir='ltr'>fuerint3</span> <span class='ocrx_word' id='word_1_142' title='bbox 1225 1030 1264 1060; x_wconf 84' lang='lat' dir='ltr'>et</span> <span class='ocrx_word' id='word_1_143' title='bbox 1279 1021 1557 1074; x_wconf 85' lang='lat' dir='ltr'>Spanhemius,</span> <span class='ocrx_word' id='word_1_144' title='bbox 1578 1029 1622 1060; x_wconf 86' lang='lat' dir='ltr'>ut</span> <span class='ocrx_word' id='word_1_145' title='bbox 1639 1025 1722 1061; x_wconf 72' lang='lat' dir='ltr'>Zo-</span> 
     </span>
     <span class='ocr_line' id='line_1_18' title="bbox 280 1080 1722 1131; baseline -0.001 -14"><span class='ocrx_word' id='word_1_146' title='bbox 280 1081 428 1117; x_wconf 85' lang='lat' dir='ltr'>simum</span> <span class='ocrx_word' id='word_1_147' title='bbox 447 1092 537 1116; x_wconf 87' lang='lat' dir='ltr'>cum</span> <span class='ocrx_word' id='word_1_148' title='bbox 555 1081 694 1117; x_wconf 80' lang='lat' dir='ltr'>ceteris</span> <span class='ocrx_word' id='word_1_149' title='bbox 717 1080 918 1127; x_wconf 85' lang='lat' dir='ltr'>conciliet,</span> <span class='ocrx_word' id='word_1_150' title='bbox 959 1081 1068 1116; x_wconf 76' lang='lat' dir='ltr'>varia</span> <span class='ocrx_word' id='word_1_151' title='bbox 1093 1080 1284 1127; x_wconf 85' lang='lat' dir='ltr'>lectione,</span> <span class='ocrx_word' id='word_1_152' title='bbox 1327 1091 1447 1131; x_wconf 90' lang='lat' dir='ltr'>quam</span> <span class='ocrx_word' id='word_1_153' title='bbox 1463 1081 1651 1117; x_wconf 87' lang='lat' dir='ltr'>Boivinus</span> <span class='ocrx_word' id='word_1_154' title='bbox 1678 1081 1722 1116; x_wconf 89' lang='lat' dir='ltr'>in</span> 
     </span>
     <span class='ocr_line' id='line_1_19' title="bbox 280 1133 1722 1186; baseline 0 -14"><span class='ocrx_word' id='word_1_155' title='bbox 280 1135 415 1173; x_wconf 87' lang='lat' dir='ltr'>codice</span> <span class='ocrx_word' id='word_1_156' title='bbox 434 1134 647 1173; x_wconf 86' lang='lat' dir='ltr'>Parisiensi</span> <span class='ocrx_word' id='word_1_157' title='bbox 665 1136 829 1183; x_wconf 82' lang='lat' dir='ltr'>invenit,</span> <span class='ocrx_word' id='word_1_158' title='bbox 860 1134 1072 1173; x_wconf 82' lang='lat' dir='ltr'>exhibente</span> <span class='ocrx_word' id='word_1_159' title='bbox 1089 1150 1179 1175; x_wconf 83' lang='grc' dir='ltr'>πειν</span> <span class='ocrx_word' id='word_1_160' title='bbox 1202 1135 1299 1186; x_wconf 89' lang='lat' dir='ltr'>(non</span> <span class='ocrx_word' id='word_1_161' title='bbox 1317 1138 1443 1183; x_wconf 84' lang='grc' dir='ltr'><em>πιεῖν,</em></span> <span class='ocrx_word' id='word_1_162' title='bbox 1473 1141 1518 1173; x_wconf 86' lang='lat' dir='ltr'>ut</span> <span class='ocrx_word' id='word_1_163' title='bbox 1537 1133 1722 1186; x_wconf 77' lang='lat' dir='ltr'>Spanhe-</span> 
     </span>
     <span class='ocr_line' id='line_1_20' title="bbox 277 1190 1728 1242; baseline -0.003 -13"><span class='ocrx_word' id='word_1_164' title='bbox 277 1193 383 1229; x_wconf 83' lang='lat' dir='ltr'>mius</span> <span class='ocrx_word' id='word_1_165' title='bbox 404 1190 583 1242; x_wconf 85' lang='lat' dir='ltr'>scripsit)</span> <span class='ocrx_word' id='word_1_166' title='bbox 617 1193 659 1228; x_wconf 88' lang='lat' dir='ltr'>in</span> <span class='ocrx_word' id='word_1_167' title='bbox 687 1191 906 1229; x_wconf 87' lang='lat' dir='ltr'>subsidium</span> <span class='ocrx_word' id='word_1_168' title='bbox 930 1198 1067 1229; x_wconf 73' lang='lat' dir='ltr'>vocata</span> <span class='ocrx_word' id='word_1_169' title='bbox 1089 1198 1128 1228; x_wconf 86' lang='lat' dir='ltr'>et</span> <span class='ocrx_word' id='word_1_170' title='bbox 1143 1204 1213 1242; x_wconf 90' lang='lat' dir='ltr'>pro</span> <span class='ocrx_word' id='word_1_171' title='bbox 1233 1191 1348 1229; x_wconf 87' lang='lat' dir='ltr'>solito</span> <span class='ocrx_word' id='word_1_172' title='bbox 1370 1191 1587 1229; x_wconf 82' lang='lat' dir='ltr'>scribarum</span> <span class='ocrx_word' id='word_1_173' title='bbox 1610 1203 1728 1228; x_wconf 70' lang='lat' dir='ltr'>com-‚</span> 
     </span>
     <span class='ocr_line' id='line_1_21' title="bbox 275 1246 1721 1299; baseline 0 -15"><span class='ocrx_word' id='word_1_174' title='bbox 275 1247 421 1298; x_wconf 89' lang='lat' dir='ltr'>pendio</span> <span class='ocrx_word' id='word_1_175' title='bbox 442 1254 613 1298; x_wconf 87' lang='lat' dir='ltr'>accepta,</span> <span class='ocrx_word' id='word_1_176' title='bbox 644 1247 829 1285; x_wconf 87' lang='lat' dir='ltr'>emendat</span> <span class='ocrx_word' id='word_1_177' title='bbox 848 1251 1045 1299; x_wconf 82' lang='grc' dir='ltr'><em>πολεμεῖν,</em></span> <span class='ocrx_word' id='word_1_178' title='bbox 1075 1246 1173 1284; x_wconf 88' lang='lat' dir='ltr'>adeo</span> <span class='ocrx_word' id='word_1_179' title='bbox 1187 1254 1232 1284; x_wconf 89' lang='lat' dir='ltr'>ut</span> <span class='ocrx_word' id='word_1_180' title='bbox 1252 1246 1472 1284; x_wconf 85' lang='lat' dir='ltr'>Gordianus</span> <span class='ocrx_word' id='word_1_181' title='bbox 1489 1253 1721 1298; x_wconf 84' lang='lat' dir='ltr'>tempestate</span> 
     </span>
     <span class='ocr_line' id='line_1_22' title="bbox 274 1302 1721 1371; baseline 0 -31"><span class='ocrx_word' id='word_1_182' title='bbox 274 1316 432 1354; x_wconf 85' lang='lat' dir='ltr'>pugnae</span> <span class='ocrx_word' id='word_1_183' title='bbox 457 1302 577 1355; x_wconf 88' lang='lat' dir='ltr'>(nam</span> <span class='ocrx_word' id='word_1_184' title='bbox 594 1316 639 1340; x_wconf 90' lang='lat' dir='ltr'>ea</span> <span class='ocrx_word' id='word_1_185' title='bbox 663 1311 765 1341; x_wconf 86' lang='lat' dir='ltr'>esset</span> <span class='ocrx_word' id='word_1_186' title='bbox 787 1305 856 1356; x_wconf 82' lang='grc' dir='ltr'>βία</span> <span class='ocrx_word' id='word_1_187' title='bbox 874 1306 1086 1371; x_wconf 72' lang='grc' dir='ltr'><strong>χειμῶνος,</strong></span> <span class='ocrx_word' id='word_1_188' title='bbox 1117 1303 1287 1340; x_wconf 85' lang='lat' dir='ltr'>dictione</span> <span class='ocrx_word' id='word_1_189' title='bbox 1307 1304 1487 1354; x_wconf 85' lang='lat' dir='ltr'>poetica)</span> <span class='ocrx_word' id='word_1_190' title='bbox 1512 1315 1721 1354; x_wconf 85' lang='lat' dir='ltr'>oppressus</span> 
     </span>
     <span class='ocr_line' id='line_1_23' title="bbox 276 1352 1722 1415; baseline 0 -19"><span class='ocrx_word' id='word_1_191' title='bbox 276 1358 441 1397; x_wconf 89' lang='lat' dir='ltr'>dicatur.</span> <span class='ocrx_word' id='word_1_192' title='bbox 461 1359 517 1396; x_wconf 88' lang='lat' dir='ltr'>R.</span> <span class='ocrx_word' id='word_1_193' title='bbox 550 1362 628 1398; x_wconf 80' lang='grc' dir='ltr'>τῶν</span> <span class='ocrx_word' id='word_1_194' title='bbox 649 1357 972 1415; x_wconf 78' lang='grc' dir='ltr'>δὲβίαχειμῶνος</span> <span class='ocrx_word' id='word_1_195' title='bbox 984 1352 1256 1411; x_wconf 61' lang='grc' dir='ltr'><strong>ἀπολομένων.</strong></span> <span class='ocrx_word' id='word_1_196' title='bbox 1286 1357 1476 1409; x_wconf 86' lang='lat' dir='ltr'>depugna</span> <span class='ocrx_word' id='word_1_197' title='bbox 1489 1357 1722 1410; x_wconf 84' lang='lat' dir='ltr'>accipihaec</span> 
     </span>
     <span class='ocr_line' id='line_1_24' title="bbox 274 1414 1721 1467; baseline -0.001 -14"><span class='ocrx_word' id='word_1_198' title='bbox 274 1422 440 1467; x_wconf 87' lang='lat' dir='ltr'>possunt</span> <span class='ocrx_word' id='word_1_199' title='bbox 454 1415 564 1452; x_wconf 89' lang='lat' dir='ltr'>nullo</span> <span class='ocrx_word' id='word_1_200' title='bbox 585 1414 727 1453; x_wconf 86' lang='lat' dir='ltr'>modo:</span> <span class='ocrx_word' id='word_1_201' title='bbox 757 1417 911 1466; x_wconf 87' lang='lat' dir='ltr'>poetica</span> <span class='ocrx_word' id='word_1_202' title='bbox 929 1416 999 1452; x_wconf 87' lang='lat' dir='ltr'>illa</span> <span class='ocrx_word' id='word_1_203' title='bbox 1027 1422 1066 1452; x_wconf 91' lang='lat' dir='ltr'>et</span> <span class='ocrx_word' id='word_1_204' title='bbox 1091 1428 1113 1451; x_wconf 88' lang='lat' dir='ltr'>a</span> <span class='ocrx_word' id='word_1_205' title='bbox 1135 1415 1260 1452; x_wconf 87' lang='lat' dir='ltr'>nostri</span> <span class='ocrx_word' id='word_1_206' title='bbox 1284 1416 1482 1466; x_wconf 79' lang='lat' dir='ltr'>scriptoris</span> <span class='ocrx_word' id='word_1_207' title='bbox 1510 1421 1721 1452; x_wconf 78' lang='lat' dir='ltr'>consuetu·</span> 
     </span>
     <span class='ocr_line' id='line_1_25' title="bbox 275 1469 1720 1522; baseline -0.001 -14"><span class='ocrx_word' id='word_1_208' title='bbox 275 1471 368 1508; x_wconf 90' lang='lat' dir='ltr'>dine</span> <span class='ocrx_word' id='word_1_209' title='bbox 387 1480 551 1522; x_wconf 78' lang='lat' dir='ltr'>prorsus</span> <span class='ocrx_word' id='word_1_210' title='bbox 567 1471 708 1508; x_wconf 85' lang='lat' dir='ltr'>aliena.</span> <span class='ocrx_word' id='word_1_211' title='bbox 744 1470 934 1508; x_wconf 88' lang='lat' dir='ltr'>inciderat</span> <span class='ocrx_word' id='word_1_212' title='bbox 950 1472 1163 1509; x_wconf 88' lang='lat' dir='ltr'>Zosimus‘</span> <span class='ocrx_word' id='word_1_213' title='bbox 1151 1484 1194 1508; x_wconf 87' lang='lat' dir='ltr'>m</span> <span class='ocrx_word' id='word_1_214' title='bbox 1214 1471 1433 1521; x_wconf 81' lang='lat' dir='ltr'>scriptores,</span> <span class='ocrx_word' id='word_1_215' title='bbox 1464 1471 1532 1522; x_wconf 88' lang='lat' dir='ltr'>qui</span> <span class='ocrx_word' id='word_1_216' title='bbox 1551 1469 1720 1508; x_wconf 83' lang='lat' dir='ltr'>Gordia-—</span> 
     </span>
     <span class='ocr_line' id='line_1_26' title="bbox 274 1526 1719 1578; baseline 0 -14"><span class='ocrx_word' id='word_1_217' title='bbox 274 1540 348 1565; x_wconf 87' lang='lat' dir='ltr'>nos</span> <span class='ocrx_word' id='word_1_218' title='bbox 370 1529 412 1564; x_wconf 88' lang='lat' dir='ltr'>in</span> <span class='ocrx_word' id='word_1_219' title='bbox 428 1529 593 1564; x_wconf 89' lang='lat' dir='ltr'>traiectu</span> <span class='ocrx_word' id='word_1_220' title='bbox 612 1540 665 1564; x_wconf 81' lang='lat' dir='ltr'>ex</span> <span class='ocrx_word' id='word_1_221' title='bbox 682 1526 815 1564; x_wconf 87' lang='lat' dir='ltr'>Africa</span> <span class='ocrx_word' id='word_1_222' title='bbox 832 1529 994 1578; x_wconf 88' lang='lat' dir='ltr'>periisse</span> <span class='ocrx_word' id='word_1_223' title='bbox 1015 1526 1236 1574; x_wconf 81' lang='lat' dir='ltr'>traderent3</span> <span class='ocrx_word' id='word_1_224' title='bbox 1266 1533 1305 1564; x_wconf 87' lang='lat' dir='ltr'>et</span> <span class='ocrx_word' id='word_1_225' title='bbox 1324 1526 1446 1564; x_wconf 76' lang='lat' dir='ltr'>fuisse</span> <span class='ocrx_word' id='word_1_226' title='bbox 1464 1538 1554 1564; x_wconf 81' lang='lat' dir='ltr'>eam</span> <span class='ocrx_word' id='word_1_227' title='bbox 1569 1526 1719 1564; x_wconf 79' lang='lat' dir='ltr'>famam</span> 
     </span>
     <span class='ocr_line' id='line_1_27' title="bbox 275 1581 1407 1634; baseline -0.001 -13"><span class='ocrx_word' id='word_1_228' title='bbox 275 1582 462 1621; x_wconf 83' lang='lat' dir='ltr'>discimus</span> <span class='ocrx_word' id='word_1_229' title='bbox 482 1597 503 1620; x_wconf 90' lang='lat' dir='ltr'>e</span> <span class='ocrx_word' id='word_1_230' title='bbox 523 1586 676 1621; x_wconf 88' lang='lat' dir='ltr'>Zonara</span> <span class='ocrx_word' id='word_1_231' title='bbox 695 1585 800 1620; x_wconf 87' lang='lat' dir='ltr'>Anu.</span> <span class='ocrx_word' id='word_1_232' title='bbox 822 1582 875 1623; x_wconf 82' lang='lat'>12</span> <span class='ocrx_word' id='word_1_233' title='bbox 894 1597 935 1634; x_wconf 88' lang='lat' dir='ltr'>p.</span> <span class='ocrx_word' id='word_1_234' title='bbox 957 1585 1039 1623; x_wconf 88' lang='grc'>622</span> <span class='ocrx_word' id='word_1_235' title='bbox 1057 1584 1092 1619; x_wconf 92' lang='lat' dir='ltr'><strong>D</strong></span> <span class='ocrx_word' id='word_1_236' title='bbox 1115 1581 1178 1620; x_wconf 90' lang='lat' dir='ltr'>ed.</span> <span class='ocrx_word' id='word_1_237' title='bbox 1199 1584 1289 1619; x_wconf 87' lang='lat' dir='ltr'>Par.</span> <span class='ocrx_word' id='word_1_238' title='bbox 1345 1583 1407 1620; x_wconf 87' lang='lat' dir='ltr'>H.</span> 
     </span>
    </p>

    <p class='ocr_par' dir='ltr' id='par_1_5' title="bbox 273 1636 1727 2249">
     <span class='ocr_line' id='line_1_28' title="bbox 385 1636 1719 1687; baseline -0.001 -11"><span class='ocrx_word' id='word_1_239' title='bbox 385 1641 486 1685; x_wconf 82' lang='lat' dir='ltr'>Quot</span> <span class='ocrx_word' id='word_1_240' title='bbox 516 1638 703 1676; x_wconf 84' lang='lat' dir='ltr'>Gordiani</span> <span class='ocrx_word' id='word_1_241' title='bbox 732 1640 900 1687; x_wconf 88' lang='lat' dir='ltr'>fuerint,</span> <span class='ocrx_word' id='word_1_242' title='bbox 940 1650 1017 1682; x_wconf 76' lang='lat' dir='ltr'>res,</span> <span class='ocrx_word' id='word_1_243' title='bbox 1031 1639 1107 1676; x_wconf 86' lang='lat' dir='ltr'>fuit</span> <span class='ocrx_word' id='word_1_244' title='bbox 1134 1640 1238 1675; x_wconf 86' lang='lat' dir='ltr'>inter</span> <span class='ocrx_word' id='word_1_245' title='bbox 1268 1639 1372 1676; x_wconf 84' lang='lat' dir='ltr'>viros</span> <span class='ocrx_word' id='word_1_246' title='bbox 1405 1636 1538 1675; x_wconf 89' lang='lat' dir='ltr'>doctos</span> <span class='ocrx_word' id='word_1_247' title='bbox 1562 1643 1719 1675; x_wconf 86' lang='lat' dir='ltr'>contro—</span> 
     </span>
     <span class='ocr_line' id='line_1_29' title="bbox 273 1691 1727 1746; baseline -0.001 -14"><span class='ocrx_word' id='word_1_248' title='bbox 273 1706 410 1743; x_wconf 75' lang='lat' dir='ltr'>versa,</span> <span class='ocrx_word' id='word_1_249' title='bbox 454 1696 542 1733; x_wconf 88' lang='lat' dir='ltr'>aliis</span> <span class='ocrx_word' id='word_1_250' title='bbox 567 1702 668 1743; x_wconf 88' lang='lat' dir='ltr'>tres,</span> <span class='ocrx_word' id='word_1_251' title='bbox 708 1695 796 1732; x_wconf 87' lang='lat' dir='ltr'>aliis</span> <span class='ocrx_word' id='word_1_252' title='bbox 823 1701 1006 1746; x_wconf 88' lang='lat' dir='ltr'>quattuor</span> <span class='ocrx_word' id='word_1_253' title='bbox 1033 1695 1154 1732; x_wconf 89' lang='lat' dir='ltr'>fuisse</span> <span class='ocrx_word' id='word_1_254' title='bbox 1179 1693 1518 1731; x_wconf 83' lang='lat' dir='ltr'>contendentibus.</span> <span class='ocrx_word' id='word_1_255' title='bbox 1574 1691 1727 1744; x_wconf 84' lang='lat' dir='ltr'>scripta.</span> 
     </span>
     <span class='ocr_line' id='line_1_30' title="bbox 275 1743 1718 1801; baseline -0.001 -14"><span class='ocrx_word' id='word_1_256' title='bbox 275 1751 317 1788; x_wconf 87' lang='lat' dir='ltr'>in</span> <span class='ocrx_word' id='word_1_257' title='bbox 337 1764 425 1788; x_wconf 88' lang='lat' dir='ltr'>eam</span> <span class='ocrx_word' id='word_1_258' title='bbox 444 1762 529 1787; x_wconf 85' lang='lat' dir='ltr'>rem</span> <span class='ocrx_word' id='word_1_259' title='bbox 547 1752 706 1801; x_wconf 73' lang='lat' dir='ltr'>vulgata</span> <span class='ocrx_word' id='word_1_260' title='bbox 726 1757 838 1788; x_wconf 83' lang='lat' dir='ltr'>sunt:</span> <span class='ocrx_word' id='word_1_261' title='bbox 878 1751 1057 1788; x_wconf 80' lang='lat' dir='ltr'>Histoire</span> <span class='ocrx_word' id='word_1_262' title='bbox 1084 1751 1151 1787; x_wconf 78' lang='lat' dir='ltr'>des</span> <span class='ocrx_word' id='word_1_263' title='bbox 1175 1757 1314 1800; x_wconf 83' lang='lat' dir='ltr'>quatre</span> <span class='ocrx_word' id='word_1_264' title='bbox 1340 1750 1533 1788; x_wconf 79' lang='lat' dir='ltr'>Gordiens</span> <span class='ocrx_word' id='word_1_265' title='bbox 1545 1743 1718 1799; x_wconf 58' lang='lat' dir='ltr'>prouve‘e</span> 
     </span>
     <span class='ocr_line' id='line_1_31' title="bbox 275 1805 1719 1857; baseline 0 -15"><span class='ocrx_word' id='word_1_266' title='bbox 275 1813 314 1843; x_wconf 82' lang='lat' dir='ltr'>et</span> <span class='ocrx_word' id='word_1_267' title='bbox 330 1807 504 1843; x_wconf 66' lang='lat' dir='ltr'>illu-strete</span> <span class='ocrx_word' id='word_1_268' title='bbox 515 1821 599 1857; x_wconf 83' lang='lat' dir='ltr'>par</span> <span class='ocrx_word' id='word_1_269' title='bbox 615 1807 669 1843; x_wconf 82' lang='lat' dir='ltr'>les</span> <span class='ocrx_word' id='word_1_270' title='bbox 689 1806 891 1843; x_wconf 75' lang='lat' dir='ltr'>me‘dailles</span> <span class='ocrx_word' id='word_1_271' title='bbox 917 1806 1027 1843; x_wconf 85' lang='lat' dir='ltr'>Paris</span> <span class='ocrx_word' id='word_1_272' title='bbox 1055 1806 1181 1853; x_wconf 87' lang='lat'><strong>1695,</strong></span> <span class='ocrx_word' id='word_1_273' title='bbox 1212 1807 1260 1853; x_wconf 83' lang='lat'>83</span> <span class='ocrx_word' id='word_1_274' title='bbox 1302 1807 1411 1843; x_wconf 82' lang='lat' dir='ltr'>cuius</span> <span class='ocrx_word' id='word_1_275' title='bbox 1433 1805 1561 1842; x_wconf 86' lang='lat' dir='ltr'>libelli</span> <span class='ocrx_word' id='word_1_276' title='bbox 1583 1811 1719 1842; x_wconf 79' lang='lat' dir='ltr'>auctor</span> 
     </span>
     <span class='ocr_line' id='line_1_32' title="bbox 278 1861 1720 1914; baseline 0.001 -16"><span class='ocrx_word' id='word_1_277' title='bbox 278 1863 398 1899; x_wconf 85' lang='lat' dir='ltr'>etiam</span> <span class='ocrx_word' id='word_1_278' title='bbox 419 1863 586 1900; x_wconf 75' lang='lat' dir='ltr'>scrIbere</span> <span class='ocrx_word' id='word_1_279' title='bbox 612 1863 720 1899; x_wconf 85' lang='lat' dir='ltr'>iubet</span> <span class='ocrx_word' id='word_1_280' title='bbox 740 1865 782 1899; x_wconf 90' lang='lat' dir='ltr'>in</span> <span class='ocrx_word' id='word_1_281' title='bbox 808 1861 882 1899; x_wconf 86' lang='lat' dir='ltr'>hoc</span> <span class='ocrx_word' id='word_1_282' title='bbox 900 1862 987 1899; x_wconf 92' lang='lat' dir='ltr'>loco</span> <span class='ocrx_word' id='word_1_283' title='bbox 1010 1862 1159 1899; x_wconf 89' lang='lat' dir='ltr'>Zosimi</span> <span class='ocrx_word' id='word_1_284' title='bbox 1175 1862 1398 1913; x_wconf 82' lang='grc' dir='ltr'><strong>Γορδιανοῦ</strong></span> <span class='ocrx_word' id='word_1_285' title='bbox 1414 1874 1490 1912; x_wconf 74' lang='lat' dir='ltr'>vpro</span> <span class='ocrx_word' id='word_1_286' title='bbox 1512 1861 1720 1914; x_wconf 75' lang='grc' dir='ltr'>Γορδιανῷ</span> 
     </span>
     <span class='ocr_line' id='line_1_33' title="bbox 277 1915 1718 1968; baseline -0.002 -13"><span class='ocrx_word' id='word_1_287' title='bbox 277 1919 343 1955; x_wconf 77' lang='lat' dir='ltr'>vel</span> <span class='ocrx_word' id='word_1_288' title='bbox 361 1921 432 1958; x_wconf 84' lang='grc' dir='ltr'>τοῦ</span> <span class='ocrx_word' id='word_1_289' title='bbox 452 1931 522 1968; x_wconf 88' lang='lat' dir='ltr'>pro</span> <span class='ocrx_word' id='word_1_290' title='bbox 541 1922 642 1967; x_wconf 78' lang='grc' dir='ltr'><strong>τῶν,</strong></span> <span class='ocrx_word' id='word_1_291' title='bbox 671 1925 715 1955; x_wconf 87' lang='lat' dir='ltr'>ut</span> <span class='ocrx_word' id='word_1_292' title='bbox 736 1931 829 1956; x_wconf 85' lang='lat' dir='ltr'>suae</span> <span class='ocrx_word' id='word_1_293' title='bbox 847 1918 994 1956; x_wconf 86' lang='lat' dir='ltr'>scilicet</span> <span class='ocrx_word' id='word_1_294' title='bbox 1019 1915 1229 1968; x_wconf 84' lang='lat' dir='ltr'>hypothesi</span> <span class='ocrx_word' id='word_1_295' title='bbox 1247 1918 1478 1954; x_wconf 79' lang='lat' dir='ltr'>subserviat.</span> <span class='ocrx_word' id='word_1_296' title='bbox 1534 1917 1718 1953; x_wconf 72' lang='lat' dir='ltr'>‚Historia</span> 
     </span>
     <span class='ocr_line' id='line_1_34' title="bbox 279 1970 1712 2023; baseline -0.001 -13"><span class='ocrx_word' id='word_1_297' title='bbox 279 1975 398 2010; x_wconf 81' lang='lat' dir='ltr'>trium</span> <span class='ocrx_word' id='word_1_298' title='bbox 423 1974 736 2023; x_wconf 80' lang='lat' dir='ltr'>Gordianorum,</span> <span class='ocrx_word' id='word_1_299' title='bbox 776 1976 1011 2012; x_wconf 82' lang='lat' dir='ltr'>Daventriae</span> <span class='ocrx_word' id='word_1_300' title='bbox 1035 1975 1166 2021; x_wconf 87' lang='lat'><strong>1697,</strong></span> <span class='ocrx_word' id='word_1_301' title='bbox 1202 1985 1226 2010; x_wconf 86' lang='lat' dir='ltr'>a</span> <span class='ocrx_word' id='word_1_302' title='bbox 1253 1974 1362 2010; x_wconf 86' lang='lat' dir='ltr'>cuius</span> <span class='ocrx_word' id='word_1_303' title='bbox 1390 1979 1545 2010; x_wconf 83' lang='lat' dir='ltr'>auctore</span> <span class='ocrx_word' id='word_1_304' title='bbox 1573 1970 1712 2023; x_wconf 64' lang='lat' dir='ltr'>(Gisb.</span> 
     </span>
     <span class='ocr_line' id='line_1_35' title="bbox 284 2026 1718 2081; baseline -0.001 -15"><span class='ocrx_word' id='word_1_305' title='bbox 284 2027 460 2079; x_wconf 84' lang='lat' dir='ltr'>Cupero)</span> <span class='ocrx_word' id='word_1_306' title='bbox 498 2029 719 2068; x_wconf 86' lang='lat' dir='ltr'>emendatio</span> <span class='ocrx_word' id='word_1_307' title='bbox 752 2031 822 2067; x_wconf 84' lang='lat' dir='ltr'>illa</span> <span class='ocrx_word' id='word_1_308' title='bbox 849 2030 1102 2081; x_wconf 87' lang='lat' dir='ltr'>improbatur.</span> <span class='ocrx_word' id='word_1_309' title='bbox 1158 2029 1292 2066; x_wconf 78' lang='lat' dir='ltr'>Lettre</span> <span class='ocrx_word' id='word_1_310' title='bbox 1319 2028 1507 2065; x_wconf 76' lang='lat' dir='ltr'>touchant</span> <span class='ocrx_word' id='word_1_311' title='bbox 1531 2026 1718 2064; x_wconf 75' lang='lat' dir='ltr'>l’lzistoire</span> 
     </span>
     <span class='ocr_line' id='line_1_36' title="bbox 276 2082 1718 2136; baseline -0.002 -14"><span class='ocrx_word' id='word_1_312' title='bbox 276 2085 345 2122; x_wconf 78' lang='lat' dir='ltr'>des</span> <span class='ocrx_word' id='word_1_313' title='bbox 370 2092 509 2135; x_wconf 82' lang='lat' dir='ltr'>quatre</span> <span class='ocrx_word' id='word_1_314' title='bbox 535 2087 744 2132; x_wconf 75' lang='lat' dir='ltr'>Gor-diens,</span> <span class='ocrx_word' id='word_1_315' title='bbox 776 2087 950 2136; x_wconf 64' lang='lat' dir='ltr'>prouvee</span> <span class='ocrx_word' id='word_1_316' title='bbox 970 2099 1054 2136; x_wconf 82' lang='lat' dir='ltr'>par</span> <span class='ocrx_word' id='word_1_317' title='bbox 1082 2084 1138 2121; x_wconf 77' lang='lat' dir='ltr'>les</span> <span class='ocrx_word' id='word_1_318' title='bbox 1166 2084 1367 2121; x_wconf 62' lang='lat' dir='ltr'>medadles</span> <span class='ocrx_word' id='word_1_319' title='bbox 1399 2083 1496 2135; x_wconf 86' lang='lat' dir='ltr'>(par</span> <span class='ocrx_word' id='word_1_320' title='bbox 1512 2084 1585 2123; x_wconf 67' lang='grc' dir='ltr'><strong>ΜΓ.</strong></span> <span class='ocrx_word' id='word_1_321' title='bbox 1611 2082 1718 2120; x_wconf 80' lang='lat' dir='ltr'>Gal-</span> 
     </span>
     <span class='ocr_line' id='line_1_37' title="bbox 278 2139 1716 2192; baseline -0.001 -14"><span class='ocrx_word' id='word_1_322' title='bbox 278 2141 401 2190; x_wconf 81' lang='lat' dir='ltr'>land)</span> <span class='ocrx_word' id='word_1_323' title='bbox 431 2142 519 2178; x_wconf 85' lang='lat' dir='ltr'>Par·</span> <span class='ocrx_word' id='word_1_324' title='bbox 552 2145 671 2183; x_wconf 87' lang='lat'><strong>1696.</strong></span> <span class='ocrx_word' id='word_1_325' title='bbox 726 2142 890 2179; x_wconf 85' lang='lat' dir='ltr'>tandem</span> <span class='ocrx_word' id='word_1_326' title='bbox 908 2156 986 2192; x_wconf 86' lang='lat' dir='ltr'>pro</span> <span class='ocrx_word' id='word_1_327' title='bbox 1017 2147 1202 2192; x_wconf 81' lang='lat' dir='ltr'>quattuor</span> <span class='ocrx_word' id='word_1_328' title='bbox 1235 2140 1527 2178; x_wconf 78' lang='lat' dir='ltr'>Gordianorum</span> <span class='ocrx_word' id='word_1_329' title='bbox 1542 2139 1716 2176; x_wconf 71' lang='lat' dir='ltr'>&#39;historia</span> 
     </span>
     <span class='ocr_line' id='line_1_38' title="bbox 274 2196 1174 2249; baseline 0.003 -14"><span class='ocrx_word' id='word_1_330' title='bbox 274 2197 471 2235; x_wconf 65' lang='lat' dir='ltr'>vindiciae</span> <span class='ocrx_word' id='word_1_331' title='bbox 489 2196 609 2248; x_wconf 89' lang='lat' dir='ltr'>(auct.</span> <span class='ocrx_word' id='word_1_332' title='bbox 633 2198 705 2234; x_wconf 89' lang='lat' dir='ltr'>Du</span> <span class='ocrx_word' id='word_1_333' title='bbox 724 2197 825 2249; x_wconf 77' lang='lat' dir='ltr'>Bos)</span> <span class='ocrx_word' id='word_1_334' title='bbox 847 2200 972 2236; x_wconf 87' lang='lat' dir='ltr'>Paris.</span> <span class='ocrx_word' id='word_1_335' title='bbox 994 2198 1113 2245; x_wconf 89' lang='grc'><strong>1700,</strong></span> <span class='ocrx_word' id='word_1_336' title='bbox 1135 2198 1174 2237; x_wconf 76' lang='grc'>8·</span> 
     </span>
    </p>

    <p class='ocr_par' dir='ltr' id='par_1_6' title="bbox 273 2250 1718 2416">
     <span class='ocr_line' id='line_1_39' title="bbox 386 2250 1716 2303; baseline -0.002 -14"><span class='ocrx_word' id='word_1_337' title='bbox 386 2252 439 2290; x_wconf 83' lang='lat' dir='ltr'>ib.</span> <span class='ocrx_word' id='word_1_338' title='bbox 465 2265 504 2290; x_wconf 81' lang='lat' dir='ltr'>v.</span> <span class='ocrx_word' id='word_1_339' title='bbox 529 2252 569 2293; x_wconf 89' lang='lat'>5.</span> <span class='ocrx_word' id='word_1_340' title='bbox 629 2254 836 2303; x_wconf 88' lang='lat' dir='ltr'>Capitolin.</span> <span class='ocrx_word' id='word_1_341' title='bbox 859 2255 935 2294; x_wconf 86' lang='lat' dir='ltr'>Vit.</span> <span class='ocrx_word' id='word_1_342' title='bbox 958 2252 1144 2291; x_wconf 84' lang='lat' dir='ltr'>Gordian.</span> <span class='ocrx_word' id='word_1_343' title='bbox 1170 2264 1205 2289; x_wconf 82' lang='lat' dir='ltr'>c.</span> <span class='ocrx_word' id='word_1_344' title='bbox 1229 2252 1282 2292; x_wconf 80' lang='lat'>2:</span> <span class='ocrx_word' id='word_1_345' title='bbox 1326 2250 1555 2288; x_wconf 73' lang='lat' dir='ltr'>Gordianus</span> <span class='ocrx_word' id='word_1_346' title='bbox 1580 2251 1716 2288; x_wconf 69' lang='lat' dir='ltr'>ter-dus</span> 
     </span>
     <span class='ocr_line' id='line_1_40' title="bbox 275 2307 1718 2361; baseline -0.003 -15"><span class='ocrx_word' id='word_1_347' title='bbox 275 2316 394 2346; x_wconf 76' lang='lat' dir='ltr'>natu-5*</span> <span class='ocrx_word' id='word_1_348' title='bbox 421 2315 502 2355; x_wconf 73' lang='lat' dir='ltr'>est,</span> <span class='ocrx_word' id='word_1_349' title='bbox 544 2315 589 2345; x_wconf 84' lang='lat' dir='ltr'>ut</span> <span class='ocrx_word' id='word_1_350' title='bbox 613 2309 750 2358; x_wconf 80' lang='lat' dir='ltr'>plures</span> <span class='ocrx_word' id='word_1_351' title='bbox 777 2308 951 2361; x_wconf 58' lang='lat' dir='ltr'>afferunt</span> <span class='ocrx_word' id='word_1_352' title='bbox 961 2337 978 2355; x_wconf 73' lang='lat'><em>,</em></span> <span class='ocrx_word' id='word_1_353' title='bbox 1017 2323 1062 2346; x_wconf 85' lang='lat' dir='ltr'>ex</span> <span class='ocrx_word' id='word_1_354' title='bbox 1078 2308 1178 2356; x_wconf 72' lang='lat' dir='ltr'>filia</span> <span class='ocrx_word' id='word_1_355' title='bbox 1203 2307 1423 2353; x_wconf 79' lang='lat' dir='ltr'>Gordiani,</span> <span class='ocrx_word' id='word_1_356' title='bbox 1462 2314 1508 2343; x_wconf 80' lang='lat' dir='ltr'>ut</span> <span class='ocrx_word' id='word_1_357' title='bbox 1523 2319 1626 2343; x_wconf 76' lang='lat' dir='ltr'>unus</span> <span class='ocrx_word' id='word_1_358' title='bbox 1643 2313 1718 2346; x_wconf 76' lang='lat' dir='ltr'>aut</span> 
     </span>
     <span class='ocr_line' id='line_1_41' title="bbox 273 2361 1716 2416; baseline -0.002 -14"><span class='ocrx_word' id='word_1_359' title='bbox 273 2366 351 2402; x_wconf 83' lang='lat' dir='ltr'>cluo</span> <span class='ocrx_word' id='word_1_360' title='bbox 380 2364 504 2415; x_wconf 85' lang='lat' dir='ltr'>(nam</span> <span class='ocrx_word' id='word_1_361' title='bbox 531 2363 706 2415; x_wconf 76' lang='lat' dir='ltr'>amplius</span> <span class='ocrx_word' id='word_1_362' title='bbox 730 2367 903 2402; x_wconf 73' lang='lat' dir='ltr'>invenire</span> <span class='ocrx_word' id='word_1_363' title='bbox 926 2379 1007 2402; x_wconf 87' lang='lat' dir='ltr'>non</span> <span class='ocrx_word' id='word_1_364' title='bbox 1024 2366 1166 2416; x_wconf 81' lang='lat' dir='ltr'>potui)</span> <span class='ocrx_word' id='word_1_365' title='bbox 1198 2377 1244 2400; x_wconf 86' lang='lat' dir='ltr'>ex</span> <span class='ocrx_word' id='word_1_366' title='bbox 1259 2363 1372 2411; x_wconf 69' lang='lat' dir='ltr'>filio,</span> <span class='ocrx_word' id='word_1_367' title='bbox 1411 2363 1482 2414; x_wconf 80' lang='lat' dir='ltr'>qui</span> <span class='ocrx_word' id='word_1_368' title='bbox 1505 2364 1550 2399; x_wconf 82' lang='lat' dir='ltr'>in</span> <span class='ocrx_word' id='word_1_369' title='bbox 1564 2361 1716 2413; x_wconf 68' lang='lat' dir='ltr'>Africa</span> 
     </span>
    </p>

    <p class='ocr_par' dir='ltr' id='par_1_7' title="bbox 270 2423 1714 2752">
     <span class='ocr_line' id='line_1_42' title="bbox 304 2423 404 2458; baseline 0 0"><span class='ocrx_word' id='word_1_370' title='bbox 304 2423 404 2458; x_wconf 80' lang='lat' dir='ltr'>eriit.</span> 
     </span>
     <span class='ocr_line' id='line_1_43' title="bbox 270 2435 1714 2518; baseline -0.003 -5"><span class='ocrx_word' id='word_1_371' title='bbox 270 2435 302 2472; x_wconf 71' lang='lat' dir='ltr'><em>P</em></span> <span class='ocrx_word' id='word_1_372' title='bbox 384 2475 439 2514; x_wconf 87' lang='lat' dir='ltr'>ib.</span> <span class='ocrx_word' id='word_1_373' title='bbox 464 2489 504 2515; x_wconf 79' lang='lat' dir='ltr'>v.</span> <span class='ocrx_word' id='word_1_374' title='bbox 526 2479 593 2518; x_wconf 91' lang='lat'>10.</span> <span class='ocrx_word' id='word_1_375' title='bbox 649 2476 830 2514; x_wconf 85' lang='lat' dir='ltr'>Zosimus</span> <span class='ocrx_word' id='word_1_376' title='bbox 857 2474 1102 2514; x_wconf 86' lang='lat' dir='ltr'>Gordianum</span> <span class='ocrx_word' id='word_1_377' title='bbox 1126 2474 1293 2512; x_wconf 79' lang='lat' dir='ltr'>Balbino</span> <span class='ocrx_word' id='word_1_378' title='bbox 1320 2480 1359 2511; x_wconf 90' lang='lat' dir='ltr'>et</span> <span class='ocrx_word' id='word_1_379' title='bbox 1375 2473 1596 2511; x_wconf 83' lang='lat' dir='ltr'>Maximino</span> <span class='ocrx_word' id='word_1_380' title='bbox 1613 2473 1714 2510; x_wconf 79' lang='lat' dir='ltr'>vivis</span> 
     </span>
     <span class='ocr_line' id='line_1_44' title="bbox 273 2529 1714 2583; baseline -0.003 -13"><span class='ocrx_word' id='word_1_381' title='bbox 273 2533 486 2583; x_wconf 87' lang='lat' dir='ltr'>imperium</span> <span class='ocrx_word' id='word_1_382' title='bbox 510 2533 683 2570; x_wconf 84' lang='lat' dir='ltr'>tenuisse</span> <span class='ocrx_word' id='word_1_383' title='bbox 709 2540 863 2581; x_wconf 82' lang='lat' dir='ltr'>narrat3</span> <span class='ocrx_word' id='word_1_384' title='bbox 911 2539 951 2570; x_wconf 85' lang='lat' dir='ltr'>at</span> <span class='ocrx_word' id='word_1_385' title='bbox 978 2531 1219 2569; x_wconf 85' lang='lat' dir='ltr'>credendum</span> <span class='ocrx_word' id='word_1_386' title='bbox 1246 2536 1304 2567; x_wconf 86' lang='lat' dir='ltr'>est</span> <span class='ocrx_word' id='word_1_387' title='bbox 1327 2530 1436 2577; x_wconf 80' lang='lat' dir='ltr'>aliis,·</span> <span class='ocrx_word' id='word_1_388' title='bbox 1479 2529 1714 2581; x_wconf 86' lang='lat' dir='ltr'>quibuscum</span> 
     </span>
     <span class='ocr_line' id='line_1_45' title="bbox 274 2584 1714 2639; baseline -0.003 -13"><span class='ocrx_word' id='word_1_389' title='bbox 274 2589 372 2626; x_wconf 87' lang='lat' dir='ltr'>fides</span> <span class='ocrx_word' id='word_1_390' title='bbox 390 2590 520 2639; x_wconf 83' lang='lat' dir='ltr'>potior</span> <span class='ocrx_word' id='word_1_391' title='bbox 542 2597 580 2626; x_wconf 89' lang='lat' dir='ltr'>et</span> <span class='ocrx_word' id='word_1_392' title='bbox 601 2590 700 2626; x_wconf 87' lang='lat' dir='ltr'>ratio</span> <span class='ocrx_word' id='word_1_393' title='bbox 719 2595 814 2636; x_wconf 73' lang='lat' dir='ltr'>statt,</span> <span class='ocrx_word' id='word_1_394' title='bbox 853 2587 1050 2626; x_wconf 85' lang='lat' dir='ltr'>Gordiano</span> <span class='ocrx_word' id='word_1_395' title='bbox 1079 2595 1165 2624; x_wconf 89' lang='lat' dir='ltr'>tum</span> <span class='ocrx_word' id='word_1_396' title='bbox 1185 2585 1346 2623; x_wconf 85' lang='lat' dir='ltr'>demum</span> <span class='ocrx_word' id='word_1_397' title='bbox 1365 2587 1617 2623; x_wconf 87' lang='lat' dir='ltr'>commissum</span> <span class='ocrx_word' id='word_1_398' title='bbox 1636 2584 1714 2622; x_wconf 87' lang='lat' dir='ltr'>fuit</span> 
     </span>
     <span class='ocr_line' id='line_1_46' title="bbox 274 2643 1714 2696; baseline -0.003 -14"><span class='ocrx_word' id='word_1_399' title='bbox 274 2645 506 2695; x_wconf 86' lang='lat' dir='ltr'>imperium,</span> <span class='ocrx_word' id='word_1_400' title='bbox 533 2658 623 2683; x_wconf 91' lang='lat' dir='ltr'>cum</span> <span class='ocrx_word' id='word_1_401' title='bbox 641 2646 875 2696; x_wconf 76' lang='lat' dir='ltr'>praetoriani</span> <span class='ocrx_word' id='word_1_402' title='bbox 889 2645 1055 2691; x_wconf 88' lang='lat' dir='ltr'>milites,</span> <span class='ocrx_word' id='word_1_403' title='bbox 1087 2643 1314 2680; x_wconf 88' lang='lat' dir='ltr'>constitutos</span> <span class='ocrx_word' id='word_1_404' title='bbox 1341 2654 1363 2678; x_wconf 83' lang='lat' dir='ltr'>a</span> <span class='ocrx_word' id='word_1_405' title='bbox 1383 2647 1521 2679; x_wconf 81' lang='lat' dir='ltr'>senatu</span> <span class='ocrx_word' id='word_1_406' title='bbox 1540 2643 1714 2693; x_wconf 79' lang='lat' dir='ltr'>impera-</span> 
     </span>
     <span class='ocr_line' id='line_1_47' title="bbox 275 2697 1401 2752; baseline -0.001 -15"><span class='ocrx_word' id='word_1_407' title='bbox 275 2706 380 2740; x_wconf 87' lang='lat' dir='ltr'>tores</span> <span class='ocrx_word' id='word_1_408' title='bbox 397 2703 576 2752; x_wconf 82' lang='lat' dir='ltr'>aversati,</span> <span class='ocrx_word' id='word_1_409' title='bbox 606 2702 829 2740; x_wconf 82' lang='lat' dir='ltr'>Maximum</span> <span class='ocrx_word' id='word_1_410' title='bbox 844 2708 884 2740; x_wconf 86' lang='lat' dir='ltr'>et</span> <span class='ocrx_word' id='word_1_411' title='bbox 898 2700 1111 2739; x_wconf 86' lang='lat' dir='ltr'>Balbinum</span> <span class='ocrx_word' id='word_1_412' title='bbox 1127 2697 1401 2738; x_wconf 80' lang='lat' dir='ltr'>trucidassent.</span> 
     </span>
    </p>
   </div>
  </div>
 </body>
</html>
