1812 3016
448 116 889 176 comminmns
916 116 1269 175 mai-omens,
1482 115 1581 176 '381

156 284 166 292 ⁴
238 230 294 294 Ῥ.
315 241 396 284 176
416 254 456 280 v-
476 244 545 284 22.
600 236 741 293 legatii
770 241 1081 280 Alemannorum
1105 237 1237 278 missis
1262 238 1314 277 ad
1339 239 1582 289 comitatum,

142 297 190 336 ut
216 303 318 350 qnae
341 299 397 336 eis
418 299 536 349 vulgo
553 298 841 350 praebebantur
860 309 1023 335 mimera
1041 299 1283 349 acciperent,
1314 310 1403 334 cum
1428 297 1583 334 minuta

143 360 185 392 et
204 353 299 391 vilia
317 361 447 392 essent
465 355 647 392 attributa
661 383 672 402 ‚
700 353 862 405 indigue
887 353 931 391 id
958 354 1149 402 serentes,
1180 360 1218 391 et
1239 351 1451 404 repudiatis
1472 352 1583 390 abie-

141 409 294 463 ctisque
310 411 539 448 muneribus
558 411 691 448 surore
708 412 804 459 acti,
835 410 1014 448 abierunt
1031 416 1071 447 et
1088 422 1179 448 suos
1200 408 1251 446 ad
1270 409 1419 446 bellum
1440 410 1584 446 acerri-

141 476 254 504 mum
275 464 551 504 accenderunt.
606 468 805 504 Ammian.
827 469 883 508 26
910 466 951 507 5.

247 535 290 574 p.
311 523 392 564 177
410 535 449 559 v.
466 525 507 563 3.
561 523 762 560 Ammian-
789 524 844 564 30
871 524 924 562 7:
962 520 1167 574 utrobique
1193 521 1383 559 Rhenum
1411 521 1585 558 celsiori-

144 576 217 616 bus
234 579 373 615 emeris
390 578 560 616 munivit
577 585 696 630 atque
712 577 897 615 castellis.

252 632 307 671 ib.
326 646 365 672 v.
382 635 448 675 17.
506 635 664 671 Zosimo
682 633 944 685 adstipulatur
958 635 1192 671 Ammianus
1209 634 1263 674 26
1292 634 1342 673 6:
1374 633 1585 680 Iulianum,

142 691 577 743 postquam'Procopio
604 692 824 742 propinquo
854 703 924 728 sno
956 697 1045 727 ante
1074 702 1183 738 aras,
1226 690 1379 726 arbitris
1410 690 1584 735 remotis,

134 745 468 798 'paludamentum
497 745 733 792 tradiderat,
774 745 852 784 hoc
883 745 1116 795 mandasse,
1158 751 1203 783 nt
1230 752 1357 782 morte
1388 746 1511 796 ipsius
1544 747 1586 780 in

142 801 248 840 bello
279 800 462 839 Parthico
494 804 648 853 cognita
675 801 858 839 fidentius
885 804 1096 853 imperium
1121 809 1352 853 occuparet;
1383 802 1493 838 cuius
1526 801 1582 837 rei

141 857 249 895 fama
272 857 471 895 obscurior
491 858 623 911 aliqua
644 860 729 896 sine
750 860 876 909 capite
897 860 1107 895 emanavit.

134 923 138 926 ·
253 912 308 951 ih.
369 927 459 951 cum
490 915 530 950 in
559 916 607 952 iis
636 927 737 966 quae
757 914 806 951 de
822 916 1003 965 Procopii
1020 916 1100 951 vita
1118 915 1159 950 in
1176 913 1335 950 latebris
1353 919 1437 950 acta
1455 918 1495 948 et
1513 924 1581 949 oc-

143 975 306 1021 cupatae
330 968 548 1022 tyrannidis
576 972 725 1008 ratione
745 977 901 1007 narrata
928 976 1040 1018 sunt,
1070 972 1149 1008 sint
1168 970 1361 1020 plurima,
1392 975 1435 1006 ut
1455 969 1496 1004 in
1516 981 1580 1004 re-

141 1025 216 1063 bus
247 1026 408 1063 occultis
433 1032 471 1063 et
490 1027 625 1077 procul
647 1026 694 1063 ab
716 1025 923 1063 hominum
943 1039 1060 1064 sensu
1079 1033 1118 1064 et
1137 1027 1275 1063 notitia
1293 1026 1409 1073 actis,
1436 1025 1580 1075 partim

141 1080 321 1119 miranda
342 1088 380 1118 et
398 1080 642 1119 incredibilia
660 1084 802 1133 partim
820 1084 860 1119 in
880 1081 1078 1120 diversum
1096 1081 1258 1119 modum
1277 1081 1449 1132 vulgata,
1481 1082 1581 1117 Am-

141 1138 265 1175 miani
283 1138 452 1175 narratio
464 1166 474 1185 ‚
505 1150 593 1175 cum
615 1145 775 1189 propter
792 1140 989 1189 scriptoris
1011 1139 1281 1175 auctoritatem
1302 1145 1341 1175 et
1359 1136 1478 1174 fidem
1494 1133 1580 1173 tum

142 1193 192 1231 ob
229 1206 361 1231 rerum
392 1194 568 1244 ipsarum
597 1194 935 1246 probabilitatem,
979 1195 1117 1232 ceteris
1147 1195 1309 1231 omnino
1338 1201 1397 1231 est
1428 1193 1582 1230 antefe-

141 1247 282 1297 renda,
309 1249 380 1286 lib.
400 1251 454 1290 26
482 1251 524 1290 6.

252 1318 292 1356 p.
314 1305 392 1346 179
410 1318 448 1342 v.
467 1304 508 1345 5.
564 1305 789 1344 Divitenses
817 1312 855 1344 et
886 1307 1185 1356 Tnngaricanos
1211 1305 1384 1343 iuniores
1407 1303 1519 1355 cpoli
1542 1303 1583 1340 in

141 1361 282 1398 itinere
304 1367 501 1398 morantes
523 1373 596 1412 per
618 1361 812 1414 quosdam
834 1375 885 1400 ex
902 1360 1044 1400 iisdem
1063 1363 1239 1400 numeris
1261 1368 1376 1399 notos
1395 1361 1586 1398 sollicita-

139 1416 223 1455 bat.
276 1418 475 1454 Ammian.
495 1417 522 1454 l.
541 1429 574 1454 c.

251 1471 306 1510 ih·
326 1485 366 1510 v·
385 1474 426 1513 8.
483 1468 656 1520 ἑκόντας.
713 1471 803 1511 odio
833 1474 1083 1526 potissimum
1109 1473 1285 1510 Petronii
1313 1472 1489 1524 patricii,
1520 1484 1587 1509 so-

143 1528 223 1566 ceri
241 1529 439 1576 Valentis,
468 1525 640 1567 hominis
658 1531 765 1567 avari
783 1537 823 1567 et
838 1529 1022 1568 crudelis.
1078 1531 1298 1569 Ammian.

252 1583 450 1624 ib.v.1o.
507 1586 687 1636 Procopii
716 1588 904 1622 amictum
932 1584 1167 1623 theatralem
1197 1564 1380 1621 describit
1403 1583 1585 1620 Ammia-

141 1651 239 1678 nus:
281 1642 384 1678 stetit
414 1639 647 1677 subtabislus
675 1641 878 1691 (excitum
908 1648 1066 1692 putares
1100 1641 1149 1677 ab
1183 1639 1346 1688 inferis)
1386 1652 1586 1688 nusquam

140 1702 289 1746 reperto
300 1695 606 1746 paludamento,
638 1698 772 1733 tunic-a
792 1711 891 1733 auro
911 1698 1098 1734 distincta
1118 1704 1163 1733 ut
1182 1697 1314 1746 regina
1333 1695 1508 1731 minister
1519 1696 1585 1731 in'-

140 1752 279 1796 dutus,
306 1765 334 1788 a
359 1751 467 1788 ealce
491 1753 533 1788 in
553 1751 720 1801 pubem,
745 1754 786 1788 in
807 1752 1110 1803 paedagogiani
1134 1753 1252 1802 pueri
1274 1752 1458 1800 speeiem,
1482 1763 1586 1799 pur-

136 1808 275 1858 pureis
293 1814 448 1857 opertus
469 1807 704 1858 tegminibus
715 1808 883 1858 pedum;
909 1808 1166 1858 hastatusque
1183 1820 1430 1857 purpureum
1450 1806 1584 1843 itidem

136 1862 366 1914 pannulum
393 1863 508 1899 laesa
535 1876 658 1900 manu
681 1863 881 1915 gestabat,
920 1871 967 1900 ut
991 1865 1036 1900 in
1065 1863 1253 1900 theatrali
1271 1876 1388 1899 scena
1415 1862 1585 1899 simula-

141 1933 254 1956 crum
278 1919 479 1970 quoddam
506 1919 661 1969 imtgne
683 1933 760 1970 per
786 1920 973 1957 aulaeum
987 1919 1052 1957 tel
1068 1921 1269 1957 mimicam
1289 1917 1582 1956 cavillationem

139 1974 267 2013 subito
277 1982 443 2025 putates
459 1988 663 2013 emersum.
722 1977 923 2013 Ammian.

250 2029 306 2068 ih.
328 2044 367 2068 v.
386 2031 453 2072 15.
509 2027 747 2085 Καισάρων.
801 2031 882 2070 vid.
905 2033 935 2070 l.
954 2033 980 2074 8
1002 2030 1051 2070 de
1069 2032 1155 2069 iure
1177 2030 1259 2070 fise.
1285 2037 1324 2068 et
1344 2033 1581 2082 Prosopogr.

140 2087 284 2124 Riuer.

251 2141 307 2180 ib.
327 2156 366 2180 v.
388 2143 454 2183 17.
511 2142 658 2180 lulium
684 2142 867 2180 comitem
886 2156 958 2195 per
972 2141 1187 2180 Thraciam
1205 2143 1326 2193 copiis
1344 2141 1580 2179 militaribus

139 2199 384 2250 praefectum
417 2204 455 2235 et
484 2197 535 2235 ad
562 2198 819 2235 rebellionem
839 2198 1138 2250 opprimendam
1155 2198 1344 2236 idoneum
1362 2199 1516 2249 cpolim
1535 2210 1583 2235 ea

143 2261 225 2291 arte
242 2253 294 2292 ad
309 2268 351 2292 se
368 2252 569 2305 produxit.
626 2255 824 2292 Ammian.
844 2258 898 2296 26
927 2259 968 2296 7.

253 2309 307 2347 ib.
329 2323 368 2347 v.
389 2313 457 2351 20.
515 2316 575 2347 est
601 2309 821 2348 observatio
845 2312 991 2348 Valesii
1019 2309 1071 2348 ad
1095 2311 1373 2357 Ammianum‚
1402 2307 1478 2346 hoc
1496 2321 1583 2346 esse

141 2365 314 2403 tribunal
339 2363 441 2402 illud
466 2367 674 2416 purpureis
703 2365 890 2416 gradibus
923 2374 1134 2416 structum,
1164 2365 1273 2419 quod
1298 2368 1410 2402 iuxta
1435 2365 1583 2402 curiam

138 2422 312 2459 locatum
331 2428 413 2458 erat
427 2422 469 2458 in
487 2423 645 2472 regione
665 2421 852 2460 secunda.

252 2491 294 2528 p.
326 2479 407 2518 180
436 2489 476 2514 V·
509 2478 575 2517 13.
633 2474 875 2529 διεχρήσατο.
931 2479 1074 2516 melius
1107 2476 1173 2514 hic
1205 2476 1439 2514 Ammianus
1472 2477 1526 2516 26
1555 2478 1583 2517 8

143 2536 183 2570 ὲῒ
212 2534 278 2574 10.
334 2537 447 2583 capta
473 2533 634 2584 Cyzico,
666 2546 786 2585 qnam
811 2534 952 2572 urbem
977 2535 1214 2572 Serenianus
1238 2544 1368 2568 comes
1392 2530 1583 2568 domesti-

144 2601 279 2626 corum
307 2595 505 2636 tenuerat,
536 2590 672 2626 ceteris
700 2591 814 2627 venia
846 2589 960 2639 data,
994 2592 1080 2641 ipse
1105 2591 1213 2626 iussu
1234 2587 1412 2637 Procopii
1431 2588 1472 2623 in
1490 2587 1581 2622 vin-

144 2644 243 2681 culis
267 2645 454 2681 Nicaeam
484 2645 527 2681 in
552 2643 771 2682 custodiam
801 2644 941 2684 ductus
962 2660 983 2683 a
1005 2652 1182 2696 praetore
1212 2643 1419 2690 Marcello,
1450 2643 1518 2694 qui
1542 2643 1579 2679 ei

143 2699 231 2736 urbi
259 2706 457 2750 praeerat,
494 2701 682 2752 Procopii
698 2708 824 2740 morte
852 2703 1031 2754 cognita,
1067 2699 1199 2739 media
1223 2705 1338 2737 nocte
1366 2699 1579 2750 improvisa

143 2753 260 2792 caede
280 2756 496 2807 perimitur.
