1774 3002
78 466 272 501 Gordianus

139 525 207 547 iun.

109 570 140 593 a.
164 560 231 595 238

285 131 350 175 20
905 127 1101 171 ZOSIMI

283 242 350 283 καὶ
375 241 446 296 τὴν
475 240 652 299 κεφαλὴν
678 240 856 297 χωρίσας
882 243 953 283 τοῦ
975 236 1161 294 σώματος
1181 239 1243 280 ἐπὶ
1260 237 1332 293 τὴν
1346 234 1510 293 εΡώμην
1528 234 1717 294 ἀπήγαγε,

282 315 444 363 σημεῖον
459 309 632 366 ἐμφανὲς
649 313 764 351 τοῦτο
789 313 860 363 τῆς
875 309 985 362 νίκης
1007 305 1252 361 ποιούμενος.
1287 303 1414 362 ταύτῃ
1433 307 1564 348 τοίνυν
1587 305 1717 348 ἀπαλ-

281 378 462 432 λαγέντες
480 382 552 419 τοῦ
570 377 683 426 δέους
700 376 771 430 τὴν
789 377 830 418 ἐκ
847 374 1015 429 Λιβύης
1038 379 1117 417 τῶν
1141 373 1338 428 βασιλέων
1363 373 1547 428 ἀνέμενον
1568 372 1717 430 ἄφιξιν.

419 443 494 488 16.
562 448 656 486 Τῶν
672 444 715 485 δὲ
735 445 805 502 βία
820 447 1014 497 χειμῶνος
1033 444 1074 484 ἓν
1091 446 1149 499 τῷ
1170 445 1278 483 πλεῒν
1301 441 1575 495 ἀπολομένων,
1609 442 1651 481 Γ
1646 457 1716 497 ορ-

282 514 404 570 διανῷ
419 511 594 567 θατέρου
612 510 762 553 τούτων
777 511 858 554 ὄντι
874 513 986 553 παιδὶ
1003 510 1074 565 τὴν
1090 514 1168 552 τῶν
1188 509 1290 551 ὅλων
1306 507 1517 564 ἡγεμονίαν
1533 506 1558 562 ἦ
1575 524 1716 565 γερου-
1727 513 1748 548 5
1772 519 1774 521 “

279 581 348 622 σιά
370 579 614 636 παρέδωκεν,
649 579 717 635 ἀφ’
749 573 796 620 οὗ
827 583 897 633 τῆς
920 575 1203 635 προλαβούσης
1227 577 1446 633 κατηφείας
1467 574 1488 617 ὃ
1504 574 1719 629 Ῥωμαίων

279 648 406 689 ἀνίετο
438 649 587 701 δῆμος,
620 650 692 688 τοῦ
721 647 917 699 βασιλέως
948 652 1145 700 σκηνικοΐς
1183 662 1224 687 τε
1262 646 1327 686 καὶ
1359 650 1561 699 γυμνικοῖς
1591 643 1717 698 ἀγιῦσι

275 715 370 764 τοὺς
404 716 567 764 πολίτας
591 712 875 769 ἀπαγαγόντος.
941 712 1098 755 πάντων
1129 713 1171 754 δὲ
1197 711 1328 768 ὥσπερ
1350 712 1392 753 ἐκ
1413 710 1539 767 κάρου
1563 711 1717 764 βαθέος

276 780 604 838 άνασφηλάντων,
628 781 817 835 ἐπιβουλὴ
840 781 940 823 κατὰ
961 785 1033 822 τοῦ
1053 780 1249 834 βασιλέως
1272 781 1452 836 λαθραία
1470 780 1713 829 συνίσταται,

275 851 470 903 ΆΙαξίμου
494 850 559 890 καὶ
581 850 783 902 Βαλβίνου
805 846 1049 905 στρατιώτας
1071 848 1179 904 αὐτῷ
1203 847 1312 896 τινὰς
1335 844 1711 901 ε’παναστησάντων·
1725 844 1772 886 10’

273 912 321 971 ἧς
341 918 598 973 φωραθείσης
621 917 738 958 αὐτοί
763 933 803 958 τε
833 917 870 958 οἱ
901 921 972 969 τῆς
1001 917 1218 971 σκευωρίας
1241 914 1431 970 ἄρξαντες
1457 914 1712 969 ἀναιροῦνται

273 987 339 1026 καὶ
367 988 446 1026 τῶν
482 982 801 1037 κοινωνησάντων
831 984 964 1033 αὐτοῖς
991 984 1028 1025 οἳ
1055 984 1206 1024 πολλοί.
1275 982 1380 1036 (17)
1413 981 1578 1034 μετ’ὀῦ
1608 980 1710 1023 πολὺ

274 1053 317 1094 δὲ
343 1054 407 1093 καὶ
436 1050 705 1106 Καρχηδόνιοι
737 1055 808 1104 τῆς
841 1055 913 1093 τοῦ
954 1051 1150 1104 βασιλέως
1194 1050 1347 1099 εὐνοίας
1378 1049 1711 1104 ἀλλοτριωθέντες

271 1119 474 1173 Σαβιανὸν
495 1121 550 1168 εἷς
569 1119 775 1172 βασιλείαν
802 1117 1048 1174 παράγουσι·
1081 1120 1121 1157 Γ
1118 1119 1304 1173 ορδιανοῦ
1326 1117 1369 1158 δὲ
1386 1114 1618 1170 κινήσαντος
1637 1115 1711 1165 τὰς
1767 1124 1774 1166 ,’

270 1190 320 1229 έν-
333 1185 477 1242 Λιβύῃ
505 1185 711 1239 δυνάμεις,
745 1184 1027 1234 ἐπανελθόντες
1047 1185 1147 1241 πρὸς
1174 1184 1294 1225 αὐτὸν
1315 1188 1366 1239 τῇ
1389 1182 1526 1239 γνώμῃ
1548 1183 1616 1224 τὸν
1636 1183 1708 1236 μὲν
1721 1177 1774 1222 15⁴

269 1256 499 1307 ἐπιθέμενον
530 1259 578 1308 τῇ
605 1255 806 1308 τυραννίδι
845 1251 1136 1307 παραδιδόασι,
1182 1250 1416 1306 συγγνώμης
1457 1252 1501 1292 δὲ
1527 1248 1710 1303 τυχόντες

267 1326 347 1363 τῶν
378 1319 641 1376 περισχόντων
671 1320 815 1369 αὐτοὺς
857 1318 1047 1360 κινδύνων
1078 1317 1432 1374 ἠλευθερώθησαν.
1507 1318 1548 1358 ἓν
1578 1315 1708 1375 τούτῳ

269 1389 320 1442 δὴ
352 1388 452 1444 πρὸς
484 1386 612 1442 γάμον
644 1386 777 1441 ἄγεται
813 1389 853 1427 Γ
849 1387 1032 1442 ορδιανὸς
1057 1387 1345 1440 Τιμησικλέους
1369 1385 1594 1440 θυγατέρα,
1628 1389 1708 1426 τῶν

267 1457 329 1496 ἐπὶ
352 1453 550 1497 παιδεύσει
570 1453 791 1508 διαβοήτων
815 1452 971 1509 ἀνδρός,
996 1453 1039 1495 ὃν
1058 1452 1237 1507 ὕπαρχον
1258 1457 1328 1507 τῆς
1351 1453 1476 1507 αὐλῆς
1499 1452 1706 1502 ἀναδείξας
1760 1504 1762 1506 ¹

265 1523 372 1572 ἔδοξε
400 1522 446 1564 τὸ
485 1521 550 1563 διὰ
575 1521 620 1563 τὸ
652 1522 737 1563 νέον
772 1526 843 1576 τῆς
870 1520 1026 1582 ἡλικίας
1055 1526 1104 1577 τῇ
1123 1522 1336 1580 κηδεμονία
1357 1525 1437 1563 τῶν
1458 1519 1703 1577 πραγμάτων
1760 1568 1763 1569 ⁷

264 1593 439 1632 ἐλλεῖπον
464 1589 729 1645 ἀναπληροῦν.

356 1750 371 1783 1
397 1747 552 1803 ἐπήγαγε
567 1748 638 1783 LP.
795 1749 816 1783 8
840 1747 1060 1783 Casaubonus
1087 1747 1147 1792 (ad
1162 1746 1306 1793 Capitol.
1322 1759 1355 1793 p.
1367 1747 1461 1791 '194)
1485 1748 1567 1783 baec
1583 1749 1701 1784 deesse

355 1794 481 1827 credit:
506 1791 580 1827 απὸ
602 1793 668 1837 τῆς
696 1790 839 1833 ἐννοίας
864 1794 939 1827 τῶν
965 1792 1237 1837 προγεγονότων
1267 1793 1449 1837 δυσχερῶν
1474 1791 1613 1835 αὐτοὺς
1633 1792 1699 1829 oin.

353 1838 403 1871 uti
419 1838 597 1882 capitolin.
617 1850 646 1872 c.
663 1839 701 1873 3:
725 1844 764 1872 ut
783 1851 823 1873 ea
843 1850 929 1883 quae
938 1842 1085 1882 fuerant
1102 1850 1222 1884 aspere
1239 1843 1350 1883 gestu,
1373 1840 1566 1884 mitigaret.
1617 1841 1700 1874 Ste-

352 1883 479 1928 phanus
494 1883 704 1917 inserendum
721 1889 836 1918 censet
851 1882 920 1918 ‘in'
939 1881 1056 1928 αὐτῆς
1074 1881 1139 1918 α’π.
1161 1885 1206 1917 R.
1230 1885 1385 1918 usitatius
1402 1882 1654 1928 διαγαγόντας.

262 2035 395 2070 quoque
416 2024 590 2058 confestim
615 2025 858 2069 trucidassent,
880 2025 1043 2060 accedens
1067 2026 1199 2070 quidam
1225 2028 1327 2071 caput
1349 2035 1370 2060 a
1392 2038 1536 2072 corpore
1556 2027 1698 2062 recisum

261 2071 399 2104 Romam
413 2070 507 2111 tulit,
530 2070 631 2114 idque
645 2070 772 2114 signum
787 2070 948 2104 victoriae
963 2071 1168 2105 manifestum
1185 2071 1341 2105 exhibuit.
1388 2077 1595 2117 quapropter
1609 2073 1698 2107 omni

259 2119 348 2149 metu
364 2115 495 2148 liberati
510 2115 688 2148 adventum
701 2115 936 2159 imperatorum
952 2127 994 2149 ex
1013 2116 1125 2149 Africa
1139 2117 1438 2160 praestolabantur.

350 2161 401 2193 16.
449 2160 516 2192 Sed
541 2159 655 2192 iisdem
676 2160 711 2192 vi
732 2160 938 2203 tempestatis
963 2161 1050 2194 inter
1073 2161 1293 2205 navigandum
1311 2161 1496 2206 exstinctis,
1521 2162 1696 2197 Gordiano
1747 2163 1750 2165 ’

259 2204 394 2238 alterius
409 2203 478 2237 filio
494 2209 629 2238 senatus
644 2215 797 2238 summam
813 2216 921 2238 rerum
935 2205 1091 2247 tradidit3
1116 2218 1136 2240 a
1159 2217 1226 2250 quo
1247 2213 1399 2251 tempore
1413 2207 1556 2252 populus
1571 2208 1696 2242 Roma·
1742 2238 1754 2253 ἢ,

258 2259 319 2282 nus
334 2249 375 2282 de
390 2249 552 2293 superiori
567 2250 730 2283 maestitia
748 2250 890 2291 remisit,
913 2249 1117 2295 imperatore
1137 2263 1199 2296 per
1217 2251 1369 2284 scenicos
1382 2252 1624 2296 gymnicosque
1638 2253 1694 2286 lu·
1738 2276 1740 2278 v

258 2295 320 2328 dos
335 2295 377 2328 ab
393 2305 432 2328 ea
447 2293 537 2327 cives
551 2301 724 2328 avocante.
778 2295 904 2328 cunctis
927 2299 1037 2329 autem
1060 2297 1153 2330 velut
1177 2307 1219 2329 ex
1241 2297 1404 2340 profundo
1420 2300 1543 2342 sopore
1555 2297 1619 2331 iam
1636 2309 1694 2332 re—

259 2338 399 2383 creatis,
421 2339 581 2372 adversus
596 2339 828 2384 imperatorem
850 2340 1074 2374 clandestinae
1094 2341 1254 2386 quaedam
1268 2341 1406 2375 insidiae
1419 2346 1590 2387 parantur,
1613 2342 1692 2376 Ma-

257 2384 336 2417 ximi
356 2389 391 2417 et
406 2383 536 2418 Balbini
553 2395 656 2428 opera
681 2384 873 2428 quibusdam
894 2384 928 2418 in
951 2397 1024 2418 eum
1043 2386 1199 2419 militibus
1215 2387 1407 2428 concitatis3
1431 2387 1550 2431 quibus
1564 2387 1691 2421 insidiis
1743 2419 1745 2422 Α

254 2429 395 2462 detectis
415 2434 484 2462 tam
508 2428 573 2473 ipsi
595 2429 729 2462 sceleris
753 2436 907 2462 auctores
926 2441 1024 2474 quam
1039 2431 1096 2464 alii
1112 2431 1292 2475 participes
1306 2443 1370 2464 non
1386 2432 1485 2476 pauci
1499 2432 1690 2469 caeduntur.

255 2475 336 2517 (17)
357 2485 423 2508 non
439 2473 540 2507 multo
557 2478 633 2518 post
647 2478 682 2506 et
698 2474 988 2518 Carthaginienses
1011 2487 1031 2509 a
1056 2476 1289 2509 benevolentia
1303 2476 1464 2520 principis
1477 2476 1610 2510 alienati
1625 2478 1691 2510 Sa·
1745 2494 1754 2512 ⁷.

252 2518 386 2552 bianum
401 2519 442 2552 ad
457 2519 629 2563 imperium
643 2518 801 2553 efferunt.
847 2520 906 2552 sed
929 2531 1002 2553 cum
1018 2520 1210 2554 Gordianus
1232 2521 1344 2565 copias
1358 2521 1533 2555 Africanas
1545 2521 1690 2555 excivis-
1750 2560 1753 2566 .

254 2568 316 2606 set,
342 2564 457 2598 animis
473 2575 545 2597 cum
560 2575 600 2597 eo
615 2563 838 2597 reconciliatis
855 2564 1084 2599 affectatorem
1099 2565 1283 2610 tyrannidis
1292 2566 1419 2599 dedunt
1429 2591 1437 2605 ,
1462 2570 1496 2599 et
1509 2565 1688 2611 impetrata
1741 2592 1747 2601 ι

254 2608 448 2642 delictorum
474 2608 573 2642 venia
594 2608 750 2653 periculis
770 2608 1011 2642 imminentibus
1034 2610 1143 2654 erepti
1165 2614 1253 2644 sunt.
1310 2611 1387 2645 dum
1410 2611 1493 2643 haec
1512 2617 1687 2654 geruntur,
1740 2640 1751 2655 Α,

253 2653 447 2686 Gordianus
461 2664 597 2687 uxorem
611 2653 703 2686 ducit
721 2653 908 2690 Timesiclis
922 2654 1021 2688 filiam
1057 2655 1175 2689 nobilis
1190 2667 1232 2688 ex
1247 2656 1398 2689 doctrina
1412 2654 1493 2697 viri;
1516 2666 1613 2700 quem
1629 2657 1686 2690 ubi
1743 2673 1749 2698 ¹„-

252 2698 456 2740 praefectum
473 2698 632 2742 praetorii
646 2705 809 2742 creasset,
831 2699 923 2732 visus
947 2705 999 2732 est
1017 2699 1052 2732 1d
1067 2701 1156 2745 quod
1171 2700 1334 2734 curationi
1346 2709 1456 2734 rerum
1471 2704 1612 2745 propter
1626 2712 1686 2735 ae·
1735 2699 1749 2737 ’ἶ

250 2746 356 2775 tatem
372 2742 476 2787 ipsius
489 2754 570 2778 sane
587 2749 734 2779 teneram
750 2743 883 2778 deesset
897 2744 1063 2790 supplere.

1760 1292 1774 1412 ἒ

1766 1418 1774 1471 ι
