1812 3016
272 106 366 155 146
888 107 1085 152 zosnm

267 242 328 278 μα
352 217 402 278 ἦν
422 220 582 277 ὑψηλὸν
604 222 646 264 ἐκ
672 221 791 264 λίθου
816 220 1098 277 πεποιημένον,
1135 219 1158 264 ὃ
1180 224 1388 278 Τραϊανοῦ
1404 225 1538 264 καλεῖν
1556 217 1709 265 εἲῶθα-

267 309 331 334 σιν
353 291 390 332 οἱ
415 289 608 347 ἐγχώριοι.
676 287 825 344 ταύτην
842 290 971 349 ῥᾷστα
987 289 1059 344 τὴν
1078 287 1194 332 πόλιν
1211 290 1250 332 οἱ
1272 294 1513 347 στρατιῶται
1533 287 1708 346 διαρπά-

270 377 410 408 σαντες
431 360 496 400 καὶ
525 355 798 415 ἐμπρήσαντες
828 356 953 412 αὐτήν
980 375 1023 400 τε
1051 359 1123 413 τὴν
1143 356 1297 415 ἡμέραν
1317 359 1384 400 καὶ
1402 357 1475 412 τὴν
1491 355 1706 414 ὕστεραίαν

266 426 436 482 ἡσυχίαν
454 421 563 482 ἦγον.
629 425 852 479 θαυμάσας
874 427 916 469 δὲ
935 424 955 468 ὅ
972 426 1161 480 βασιλεὺς
1186 425 1246 468 ὅτι
1270 424 1470 481 τοσαύτην
1489 429 1563 468 τοῦ
1579 441 1707 482 στρα-

265 500 340 537 τοῦ
365 492 656 550 διαδραμόντος
683 493 777 536 ὁδὸν
808 494 937 544 οὐδεὶς
963 496 1006 536 ἐκ
1026 497 1200 551 Περσῶν
1223 493 1312 537 οὔτε
1335 493 1455 549 λόχος
1480 495 1522 544 ἐξ
1542 493 1738 549 ἐνέδραςό

267 560 355 604 οὕτε
382 560 424 604 ἐκ
447 565 520 604 τοῦ
537 567 769 619 προφανοῦς
786 561 988 617 ἀπήντησέ
1010 580 1048 605 τι
1069 563 1278 616 πολέμιον,
1306 560 1531 619 Ὅρμίσδαν
1552 564 1612 612 εἷς
1630 578 1706 604 κα-

265 630 469 684 τασκοπὴν
502 630 686 683 ἐκπέμπει
714 629 816 684 μετὰ
848 629 1053 685 δυνάμεως
1089 627 1157 672 οἷα
1188 630 1240 674 τὰ
1269 633 1444 686 Περσῶν
1473 629 1542 672 διὰ
1574 627 1708 684 πάσης

267 699 471 754 ἀκριβείας
497 695 643 739 εἰδότα.
710 697 755 748 ὃς
784 702 930 755 μικροῦ
958 697 1057 755 πρὸς
1087 698 1255 752 ἔσχατον
1283 697 1470 753 ἐληλύθει
1489 696 1592 751 μετὰ
1625 701 1706 740 τῶν

266 767 342 808 σὺν
373 766 484 822 αὐτῷ
504 767 704 816 κίνδυνον,
740 766 774 807 εῗ
797 766 854 820 μὴ
878 764 976 821 τύχη
997 783 1057 816 τις
1080 767 1226 817 αὖτοὺς
1248 767 1291 808 ἐκ
1312 764 1544 824 παραδόξου
1564 766 1704 807 διέσω-

266 850 345 876 σεν.
415 831 436 874 ὅ
452 831 528 890 γὰρ
549 830 749 888 σουρήνας
765 834 912 890 (ἀρχῆς
935 835 979 876 δὲ
995 839 1112 877 τοῦτο
1134 834 1246 891 παρὰ
1263 835 1447 892 Πέρσαις
1467 833 1616 887 ὄνομα)
1633 830 1701 874 λό-
1715 839 1760 873 10

262 918 337 955 χον
354 899 394 941 ἕν
418 917 494 941 τινι
515 898 623 956 τόπῳ
642 900 841 949 καθίσαςς
853 900 1062 954 Ορμίσὸαν
1083 903 1149 941 καὶ
1169 903 1264 950 τοὺς
1287 902 1361 944 σὺν
1378 902 1488 958 αὐτῷ
1507 898 1706 957 στρατιώ-

263 986 337 1018 τας
356 965 598 1023 ἐκαραδόκει,
625 970 836 1022 παριοῦσιν
851 968 1002 1009 ἐθέλων
1022 967 1216 1019 ἐπελθεῖν,
1248 967 1365 1010 οῦδὲν
1381 972 1561 1011 τοιοῦτον
1576 984 1705 1024 προσ-

267 1035 513 1089 δεχομένοις·
553 1035 620 1076 καὶ
643 1034 693 1088 δὴ
710 1034 763 1076 τὰ
782 1039 854 1089 τῆς
871 1035 1030 1084 ἐλπίδος
1053 1035 1188 1085 αὐτοῖς
1210 1036 1266 1086 εἷς
1284 1035 1399 1093 ἔργον
1419 1037 1636 1090 ἐξέβαινεν,
1670 1036 1706 1078 εἴ

263 1104 321 1158 μὴ
345 1105 493 1158 διῶρυξ
521 1102 562 1144 ἐν
587 1101 697 1159 μέσῳ
723 1106 797 1144 τοῦ
819 1100 1038 1159 Εὐφράτου
1050 1132 1064 1155 ,
1093 1103 1195 1159 πέρα
1223 1107 1299 1146 τοῦ
1324 1102 1529 1157 συνήθους
1550 1103 1704 1160 ῥυεῖσα,

263 1175 344 1213 τῶν
374 1172 463 1224 περὶ
493 1169 563 1212 τὸν
577 1168 807 1226 εΟρμῖσδαν
836 1169 1007 1213 ἐκώλυσε
1036 1171 1110 1225 τὴν
1138 1169 1339 1224 διάβασιν.
1404 1171 1473 1212 καὶ
1492 1168 1562 1210 διὰ
1580 1173 1698 1211 τοῦτο
1713 1173 1758 1209 15

263 1238 560 1292 ἀναβληθείσης
577 1242 649 1291 τῆς
669 1237 862 1294 παρόδου,
894 1243 945 1294 τῇ
963 1236 1154 1296 ὖστεραίᾳ
1175 1238 1335 1294 φανέντι
1358 1242 1418 1295 τῷ
1436 1234 1615 1295 σουρήνᾳ
1635 1237 1705 1280 καὶ

263 1312 346 1355 τοῖς
369 1304 652 1358 κοινωνήσασιν
678 1305 787 1362 αὐτῷ
804 1310 876 1359 τῆς
900 1306 1061 1362 ἐνέδρας
1086 1306 1379 1362 συστραφέντες
1403 1305 1605 1355 ἐπέθεντο,
1634 1305 1703 1346 καὶ

262 1374 357 1423 τοὺς
376 1373 448 1426 μὲν
470 1371 670 1423 ἀνελόντες
689 1372 783 1423 τοὺς
801 1373 844 1415 δὲ
869 1373 1087 1430 τρέψαντες
1103 1374 1160 1423 εἷς
1175 1373 1307 1429 φυγὴν
1329 1377 1380 1430 τῇ
1398 1375 1517 1428 λοιπῇ
1532 1374 1704 1431 στρατιᾷ

263 1442 489 1496 συνέμιξαν.
519 1467 524 1478 =
1598 1484 1601 1485 ⁷

401 1508 476 1553 16.
541 1505 821 1564 Προελθόντες
839 1507 883 1550 ὀὲ
902 1508 958 1558 εἷς
973 1507 1025 1550 τὰ
1047 1505 1185 1564 πρόσω
1202 1506 1257 1556 εἴς
1274 1523 1365 1549 τινα
1383 1509 1457 1548 τοῦ
1476 1504 1756 1562 Εὗφράτουω

264 1574 443 1632 διώρυχα
463 1577 644 1629 διῆλθον,
666 1575 932 1630 ἐκτεινομένην
952 1576 1027 1627 μὲν
1046 1577 1100 1625 εἷς
1121 1580 1249 1629 μῆκος
1271 1572 1364 1629 ἄχρι
1384 1577 1456 1627 τῆς
1467 1573 1701 1630 Ἀσσυρίων,

262 1644 679 1698 συμπαρατεινομένην
705 1641 748 1682 δὲ
774 1638 883 1697 πάσῃ
914 1645 964 1696 τῇ
989 1641 1107 1696 μέχρι
1133 1645 1207 1683 τοῦ
1226 1642 1421 1697 Τίγρητος
1438 1639 1568 1699 χώρᾳ.
1635 1641 1701 1682 ἐν·

262 1714 401 1752 ταῦθα
441 1713 556 1766 πηλῷ
588 1706 778 1750 κολλώδει
803 1709 871 1750 καὶ
895 1709 1082 1762 τέλμασιν
1117 1706 1350 1762 ἐμπεσόντες
1380 1707 1420 1750 οἱ
1444 1711 1698 1765 στρατιῶται,

262 1780 330 1820 καὶ
349 1777 443 1827 τοὺς
463 1779 612 1826 ἵππους
632 1774 809 1830 μάλιστα
825 1780 876 1834 τῇ
906 1777 1110 1836 δυσχωρίᾳ
1138 1774 1334 1830 θεώμενοι
1354 1778 1698 1833 δυσχεραίνοντας,

261 1928 314 1962 lae
333 1926 474 1961 Traiani
489 1935 612 1961 vocare
627 1929 884 1960 consueverunt.
930 1937 972 1960 eo
988 1923 1104 1960 milites
1120 1925 1240 1971 oppido
1260 1924 1348 1958 nullo
1363 1924 1499 1969 negotio
1513 1923 1644 1970 direpto
1662 1927 1699 1959 et

260 1978 381 2007 exusto
396 1998 406 2015 ,
437 1973 522 2006 diem
548 1973 638 2005 illum
662 1983 736 2005 cum
759 1977 897 2015 postero
914 1983 1087 2016 corporum
1101 1971 1277 2005 refectioni
1293 1970 1470 2003 dederunt.
1513 1969 1699 2014 imperator

260 2022 371 2052 autem
387 2017 523 2051 miratus
538 2017 629 2061 quod
644 2026 717 2050 cum
732 2021 859 2050 tantum
874 2014 1000 2050 itineris
1014 2017 1079 2050 iam
1096 2015 1294 2050 confecisset
1309 2013 1489 2056 exercitus,
1512 2015 1621 2048 nullus
1635 2014 1698 2048 ad-

259 2064 326 2097 huc
346 2074 408 2096 nec
432 2074 473 2095 ex
497 2061 624 2095 insidiis
645 2072 706 2094 nec
728 2065 846 2105 aperte
863 2061 984 2104 globus
999 2059 1128 2095 hostilis
1142 2060 1362 2102 occurrisset,
1395 2059 1607 2093 Hormisdam
1621 2070 1698 2094 cu-

259 2108 365 2153 copiis
379 2107 584 2152 speculatum
600 2105 724 2140 emittit
737 2106 840 2139 veluti
856 2117 965 2139 rerum
980 2107 1191 2140 Persicarum
1208 2103 1457 2139 accuratissime
1469 2113 1622 2148 gnarum.
1665 2104 1697 2138 is

260 2165 377 2200 parum
401 2152 510 2185 abfuit
533 2152 610 2196 quin
633 2155 815 2184 extremum
840 2161 912 2185 cum
934 2151 976 2185 iis
992 2162 1075 2196 quos
1088 2161 1201 2185 secum
1217 2150 1363 2183 habebat
1376 2149 1559 2193 perieulum
1573 2149 1696 2192 adiret,

259 2199 295 2233 ni
309 2208 406 2232 casus
421 2196 555 2241 quidam
571 2207 629 2230 eos
641 2195 813 2239 inopinato
829 2200 1008 2230 servasset.
1033 2207 1107 2229 nam
1122 2206 1260 2229 surenas
1279 2194 1513 2238 (magistratus
1526 2195 1591 2228 hoc
1603 2194 1696 2239 apud

259 2244 382 2279 Persas
397 2253 517 2276 nomen
532 2242 602 2284 est)
619 2240 746 2274 insidiis
762 2240 903 2285 quodam
918 2242 993 2274 loco
1010 2241 1126 2286 positis
1141 2239 1354 2274 Hormisdam
1371 2249 1444 2273 cum
1458 2237 1616 2274 militibus
1628 2239 1698 2273 suis

259 2287 603 2368 iil'ff‘ebsst‘u‘u’ffissssn
612 2283 1697 2374 {22⁶3}{2⁰2⁰Jt32322‘3ssfflfflmn‘1’3‘532220‘12'223025552234232

258 2379 373 2413 alveus
397 2389 440 2412 ex
456 2343 629 2421 Euphrate
655 2380 793 2419 praeter
814 2386 940 2410 morem
967 2353 1192 2415 excressrisset,
1226 2379 1262 2408 et
1282 2374 1515 2419 impedimento
1536 2374 1696 2411 militibus

258 2423 460 2458 Hormisdae
478 2422 597 2456 fuisset
622 2431 688 2465 quo
709 2420 814 2454 minus
836 2421 1081 2459 transiicerent.
1127 2423 1308 2464 propterea
1328 2419 1555 2453 transmissum
1574 2419 1694 2463 dilato,

259 2468 419 2514 postridie
433 2470 649 2511 conspectum
661 2476 825 2509 surenam,
843 2470 878 2500 et
891 2477 950 2499 eos
966 2476 1051 2510 quos
1067 2464 1122 2498 ille
1137 2462 1318 2509 participes
1329 2464 1516 2498 insidiarum
1529 2462 1694 2507 habehat,

259 2513 430 2547 conversis
445 2511 630 2556 agminibus
642 2510 750 2545 adorti
765 2515 860 2552 sunt3
896 2510 1011 2555 eisque
1026 2509 1146 2556 partim
1161 2509 1348 2544 interfectis
1362 2509 1483 2554 partim
1497 2513 1596 2552 terga
1610 2507 1696 2543 dare

259 2559 395 2599 coactis,
418 2570 492 2592 cum
510 2556 658 2592 exercitu
673 2555 801 2599 reliquo
818 2567 856 2589 se
870 2556 1120 2589 coniunxerunt.

353 2603 407 2638 16.
444 2601 620 2645 Progressi
634 2600 771 2635 ulterius
786 2599 828 2633 ad
843 2601 1003 2645 quendam
1019 2612 1061 2634 ex
1074 2596 1252 2643 Euphrate
1265 2598 1451 2633 derivatum
1464 2597 1598 2632 alveum
1611 2607 1694 2642 per-

259 2652 441 2690 venerunt,
475 2648 533 2693 qui
572 2646 693 2681 ertiuet
705 2646 739 2680 in
753 2645 988 2689 longitudinem
1003 2645 1046 2678 ad
1061 2643 1233 2687 Assyriam
1248 2654 1373 2689 usque,
1401 2643 1563 2687 simulque
1577 2653 1616 2675 se
1630 2651 1692 2686 pot

257 2698 363 2728 totam
377 2694 420 2727 ad
433 2692 529 2737 Tigr‘
555 2703 606 2726 em
621 2701 756 2736 usquer
799 2690 906 2725 'onem
921 2690 1082 2725 extendit.
1123 2689 1177 2722 hic
1200 2689 1320 2723 milites
1341 2689 1377 2722 in
1397 2687 1502 2723 lutum
1524 2687 1691 2732 quoddam

258 2744 359 2774 tenax
375 2744 409 2775 et
423 2737 584 2784 palustria
596 2738 670 2772 loca
685 2737 708 2772 d
817 2735 1082 2782 praesertimque
1096 2733 1248 2770 videntes
1261 2735 1325 2771 hac
1338 2731 1539 2770 diffimltaoe
1553 2730 1690 2779 potissi-
