1812 3016
255 102 354 148 200
883 105 1082 150 zosnu]

254 212 513 273 κρατησάσης
541 215 586 259 δὲ
613 219 685 270 τῆς
710 217 892 274 χείρονος
916 215 1098 274 γνώμης,
1125 217 1260 272 ἐπειδὴ
1282 218 1383 275 πρὸς
1401 218 1448 262 τὸ
1464 225 1600 277 χεῖρον
1613 214 1706 276 ἦγεν

255 283 281 338 ἡ
303 282 402 338 τύχη
422 283 474 325 τὰ
491 282 731 340 πράγματα,
759 285 829 327 τὸν
849 286 1022 342 στρατὸν
1037 286 1193 329 ἅπαντα
1211 286 1286 329 σὺν
1301 287 1430 329 οὐδενὶ
1449 287 1587 345 κόσμῳ
1605 288 1707 345 πρὸς

258 352 332 406 τὴν
355 349 492 407 μάχην
519 353 652 408 ἐξῆγεν
678 350 699 394 ὃ
727 352 931 406 βασιλεύς.
999 352 1061 405 οἷς
1079 353 1376 409 ἀπαντήσαντες
1396 355 1708 412 ἀπροφασίστως

260 420 298 462 οἳ
326 418 551 475 βάρβαροι,
578 422 646 461 καὶ
677 421 790 478 παρὰ
816 422 919 464 πολὺ
943 425 995 480 τῇ
1017 421 1129 479 μάχῃ
1147 421 1436 478 κρατήσαντες,
1467 427 1615 479 μικροῦ
1635 424 1708 477 μὲν

259 486 441 536 ἅπαντας
465 489 724 546 πανωλεθρίᾳ
754 490 1010 546 διέφθειραν·
1044 491 1117 532 σὺν
1143 491 1292 546 ὀλίγοις
1319 491 1364 533 δὲ
1393 489 1635 548 πεφευγότος
1653 491 1742 541 εἷ’ςό

259 573 349 598 τινα
383 553 522 610 κώμην
549 560 622 597 τοῦ
649 558 868 610 βασιλέως,
904 558 977 599 οὐκ
999 554 1123 601 οὖσαν
1145 557 1330 615 τειχήρη,
1363 559 1592 616 περιθέντες
1611 557 1712 613 ῧλην

261 621 515 676 πανταχόθεν
543 628 594 682 τῇ
625 622 740 680 κώμῃ
770 628 837 667 καὶ
857 630 936 682 πῦρ
962 626 1108 676 ἐνέντες
1130 626 1224 676 τοὺς
1243 628 1285 668 ἐν
1306 627 1407 683 αὐτῇ
1427 625 1713 683 συμφυγόντας

260 691 363 745 μετὰ
393 694 472 732 τῶν
503 690 758 734 ἐνοικούντων
776 694 994 754 ἐνέπρησαν
1003 726 1016 746 ,
1045 692 1100 744 ὡς
1120 695 1224 749 μηδὲ
1243 699 1301 753 τῷ
1321 699 1395 738 τοῦ
1410 695 1610 750 βασιλέως
1629 692 1713 738 (rui-

261 776 361 814 ματι
383 760 612 813 δυνηθῆναί
629 777 718 801 τινα
736 759 989 803 παντάπασιν
1007 763 1224 815 ἐπιστῆναι.

402 830 496 868 Τῶν
528 827 571 868 δὲ
599 826 845 886 πραγμάτων
874 830 936 870 ἐπὶ
957 829 1198 885 λεπτοτάτης
1218 826 1401 872 ἑστώτων
1421 830 1600 881 ἐλπίδος,
1635 829 1712 871 Βί-
1724 837 1769 873 10

263 909 370 950 κτωρ
393 891 415 935 ὅ
442 898 516 936 τοῦ
529 892 738 948 Ῥωμαίων
757 894 973 951 ἡγούμενος
994 898 1177 950 ἱππικοῦ,
1211 897 1282 939 τὸν
1301 899 1482 939 κίνδυνον
1505 896 1591 951 ἅμα
1612 899 1715 939 τισὶν

264 961 424 1005 ἱππεῦσι
458 961 688 1019 διαφυγών,
728 965 790 1005 ἐπὶ
824 967 1087 1007 Μακεδονίαν
1122 983 1163 1008 τε
1201 967 1268 1007 καὶ
1305 965 1533 1007 Θεσσαλίαν
1569 963 1716 1014 ἐλάσας

64 1040 252 1077 Gratianus
268 1030 453 1074 κάκεῖθεν
483 1031 545 1072 ἐπὶ
574 1032 752 1082 Μυσοὺς
781 1034 849 1074 καὶ
875 1034 1060 1083 Παίονας
1090 1031 1357 1090 ἀναδραμῶν,
1392 1031 1540 1075 αὐτόθι
1561 1033 1716 1089 διατρί-

59 1086 257 1170 ῖξίζέὲὲῐὶῗ·
267 1102 382 1151 βοντι
404 1101 462 1154 τῷ
480 1100 520 1138 Γ
517 1103 694 1155 ρατιανῷ
709 1091 762 1142 ιτὸ
783 1100 945 1154 συμβὰν
967 1101 1200 1157 ἀπαγγέλλει
1221 1102 1288 1143 καὶ
1307 1101 1380 1155 τὴν
1399 1105 1472 1143 τοῦ
1495 1100 1716 1157 στρατοπέ-

240 1158 248 1167 ·
270 1167 342 1207 ‹50v
375 1167 442 1208 καὶ
473 1170 544 1208 τοῦ
572 1168 771 1220 βασιλέως
796 1167 1008 1211 ἀπώλειαν.
1077 1167 1098 1211 ὃ
1125 1170 1168 1211 δὲ
1191 1169 1238 1212 οὗ
1260 1167 1423 1225 σφόδρα
1441 1169 1515 1222 μὲν
1531 1172 1718 1223 λυπηρῶς
1728 1172 1772 1210 15

268 1233 340 1288 τὴν
371 1237 444 1277 τοῦ
469 1235 585 1275 θείου
613 1235 798 1291 τελευτὴν
824 1235 982 1291 ἤνεγκεν
1016 1231 1093 1291 (ἦν
1115 1236 1192 1293 γάρ
1213 1254 1274 1286 τις
1293 1234 1452 1290 ὑποψία
1467 1236 1570 1292 πρὸς
1592 1234 1719 1290 ἀλλή-

271 1305 367 1350 λους
400 1301 587 1359 αὐτοῖς),
621 1301 726 1358 ὃριῦν
759 1304 802 1345 δὲ
837 1302 958 1346 αὑτὸν
986 1305 1058 1348 οὐκ
1080 1305 1280 1359 ἀρκοῦντα
1298 1304 1398 1357 πρὸς
1416 1304 1489 1358 τὴν
1512 1305 1719 1358 διοίκησιν,

273 1367 440 1428 Θρᾴκης
471 1370 544 1422 μὲν
573 1367 650 1410 ὕπὸ
681 1375 760 1411 τῶν
789 1369 1023 1426 ἐφεστώτων
1051 1370 1176 1427 ταύτῃ
1207 1370 1430 1427 βαρβάρων
1456 1371 1721 1425 κατεχομένης

270 1437 337 1480 καὶ
358 1440 438 1477 τῶν
459 1438 547 1492 περὶ
570 1439 741 1479 Μυσίαν
760 1440 827 1479 καὶ
846 1440 1047 1482 Παιονίαν
1067 1438 1200 1480 τόπων
1216 1437 1294 1480 ὕπὸ
1316 1442 1396 1480 τῶν
1414 1437 1541 1495 ταύτῃ
1555 1437 1720 1496 βαρβά-

271 1520 353 1561 ρων
377 1505 694 1557 ἐνοχλουμένων,
729 1509 809 1547 τῶν
829 1506 872 1548 δὲ
893 1508 982 1563 περὶ
1004 1506 1073 1548 τὸν
1085 1505 1224 1560 Ῥῆνον
1245 1508 1375 1548 ἐθνῶν
1399 1505 1614 1556 ἀκωλύτως
1633 1511 1783 1556 ταῖς20

61 1577 259 1632 GratiapuS‚
275 1569 436 1617 πόλεσιν
463 1570 673 1624 ἐπιόντων,
713 1574 882 1629 αἱρεῖται
914 1579 986 1631 τῆς
1021 1576 1229 1629 βασιλείας
1262 1573 1452 1615 κοινωνόν
1489 1572 1721 1625 Θεοδόσιον,

56 1624 267 1705 ζῗξῖὶῗωῗῖ
278 1641 320 1680 ἔκ
344 1640 417 1694 μὲν
440 1643 511 1694 τῆς
534 1641 575 1680 ἓν
595 1641 749 1698 Ἰβηρίᾳ
774 1642 1046 1692 Καλλαικίας,
1079 1641 1231 1691 πόλεως
1261 1643 1304 1683 δὲ
1340 1640 1507 1693 Καύκας
1534 1640 1722 1696 ὁρμώμε-

54 1715 368 1799 Τὴοοεέοεὲιιενον,
402 1705 499 1753 ὄντα
531 1709 575 1749 δὲ
608 1709 681 1750 οὐκ
716 1708 917 1763 ἀπόλεμον
950 1710 1044 1752 οὐδὲ
1076 1710 1203 1766 ἀρχῆς
1233 1713 1518 1767 στρατιωτικῆς
1547 1708 1723 1767 ἄπειρον.

109 1771 141 1796 a.
167 1768 170 1771 ⁴
189 1764 206 1798 7

364 1826 412 1863 22
433 1824 634 1873 Καλλεγίας
654 1825 726 1864 LP.
864 1822 904 1865 δὲ
929 1825 994 1866 add
1014 1826 1057 1866 P·

277 1937 334 1961 rus
350 1930 450 1961 esset.
498 1939 572 1961 cum
588 1931 698 1962 autem
714 1929 881 1963 sententia
894 1929 1044 1963 deterior
1058 1929 1194 1964 vicisset
1207 1931 1343 1964 fortuna
1358 1929 1462 1964 resin
1476 1929 1570 1974 peius
1586 1933 1725 1973 agente,

278 1973 391 2017 copias
414 1972 586 2006 universas
613 1974 797 2018 imperator
819 1975 862 2008 ad
885 1986 1031 2020 pugnam
1056 1976 1148 2009 nullo
1171 1976 1326 2021 producit
1353 1975 1490 2016 ordine;
1527 1974 1647 2019 qulbus
1666 1974 1725 2008 ubi

278 2017 416 2051 barbari
445 2018 570 2062 absque
593 2019 875 2062 tergiversatione
898 2021 1121 2056 occurrissent
1140 2031 1181 2054 ac
1205 2020 1331 2065 proelio
1349 2020 1449 2066 longe
1465 2019 1653 2064 superiores
1668 2030 1725 2053 es·-

278 2067 365 2106 sent,
389 2063 627 2106 propemodum
643 2064 820 2099 universos
836 2065 878 2097 ad
895 2065 1153 2102 internecionem
1169 2066 1376 2100 deleverunt.
1422 2065 1626 2109 imperatore
1641 2075 1724 2098 vero

277 2108 361 2151 fuga
376 2118 447 2140 cum
464 2108 579 2152 paucis
594 2108 627 2143 in
644 2109 754 2143 vicum
771 2110 935 2153 quendam
950 2111 1064 2155 elapso
1082 2111 1179 2146 nullis
1193 2110 1335 2145 cinctum
1357 2111 1549 2151 moenibus,
1572 2110 1615 2143 ab
1635 2109 1724 2143 omni

278 2156 377 2197 parte
401 2152 478 2185 vico
504 2153 643 2187 materie
670 2154 872 2188 circumdato
898 2155 1044 2202 igneque
1068 2156 1232 2198 immisso,
1254 2159 1421 2201 quotquot
1434 2167 1475 2188 eo
1490 2155 1724 2198 confugerant,

279 2209 346 2231 una
377 2208 449 2231 oum
480 2197 596 2231 incolis
626 2205 897 2244 concremarunt,
928 2201 976 2235 ita
1005 2205 1043 2236 ut
1071 2213 1115 2237 ne
1142 2201 1186 2235 ad
1208 2211 1329 2246 corpus
1353 2201 1487 2247 quidem
1510 2199 1726 2247 imperatoris

279 2242 411 2278 omnino
429 2242 601 2288 quisquam
616 2245 793 2286 pervenire
807 2249 934 2289 posset.

370 2288 486 2322 Rebus
510 2288 553 2321 ad
577 2299 668 2332 spem
694 2289 940 2323 minutissimam
956 2290 1102 2324 redactis
1118 2290 1184 2324 dux
1242 2290 1368 2323 uitatus
1377 2289 1526 2324 Romani
1539 2289 1679 2331 Victor,
1703 2300 1724 2323 e

280 2332 429 2378 periculo
445 2343 516 2366 cum
533 2333 695 2368 nonnullis
709 2334 874 2380 equitibus
890 2335 1038 2379 elapsus,
1062 2347 1135 2369 cum
1150 2336 1186 2368 in
1239 2335 1430 2369 acedoniam
1446 2333 1725 2381 Thessaliamque

280 2378 506 2411 contendisset
522 2382 623 2422 atque
638 2378 715 2411 inde
735 2381 775 2412 ad
793 2379 929 2413 Moesos
948 2385 983 2413 et
997 2380 1188 2415 Pannonios
1202 2380 1407 2413 excurrisset
1418 2406 1427 2423 ‚
1452 2379 1618 2413 Gratiano
1631 2379 1667 2412 in
1683 2379 1724 2412 iis

280 2423 366 2456 locis
389 2423 602 2456 commoranti
625 2434 715 2466 rem,
738 2423 785 2459 uti
809 2424 1000 2466 accidisset,
1024 2425 1173 2470 nuntiat,
1195 2425 1341 2470 itemque
1358 2431 1426 2459 tam
1442 2424 1611 2458 exercitus
1625 2434 1725 2469 quam

281 2468 491 2512 imperatoris
515 2467 695 2502 interitum.
738 2468 797 2501 ille
819 2480 883 2502 non
907 2470 1080 2504 admodum
1094 2474 1222 2505 maesto
1238 2470 1351 2515 patrui
1367 2471 1501 2504 caedem
1517 2469 1624 2503 auimo
1640 2468 1727 2510 tulit,

284 2514 374 2560 quod
390 2514 478 2549 inter
492 2524 550 2547 eos
565 2513 709 2558 suspicio
724 2514 885 2557 quaedam
901 2514 1134 2551 intercederet.
1179 2515 1239 2548 sed
1254 2515 1332 2560 quia
1348 2516 1484 2548 videbat
1498 2526 1535 2547 se
1550 2514 1649 2546 rebus
1664 2513 1726 2547 ad-

282 2558 509 2593 ministrandis
525 2570 591 2591 non
610 2558 785 2597 sufficere,
808 2559 955 2592 Thracia
979 2560 1110 2604 quidem
1127 2571 1146 2592 a
1161 2560 1314 2595 barbaris
1325 2587 1335 2602 ,
1360 2559 1417 2604 qui
1433 2571 1505 2592 eam
1519 2559 1725 2600 invaserant,

286 2607 469 2648 occupata,
495 2604 647 2640 Moesiae
670 2614 751 2637 vero
775 2603 1036 2648 Pannoniaeque
1053 2605 1135 2638 locis
1150 2606 1192 2637 ah
1209 2605 1419 2639 haerentibus
1434 2604 1554 2637 ibidem
1572 2603 1728 2637 barbaris

286 2649 437 2690 vexatis,
462 2649 632 2683 Rhenanis
658 2648 801 2693 denique
826 2649 1016 2682 nationibus
1037 2651 1136 2684 urbes
1153 2650 1236 2683 citra
1252 2650 1442 2693 cuiusquam
1459 2649 1728 2693 impedimentum

217 2730 219 2732 ¹
286 2693 541 2734 infestantibus,
574 2694 703 2738 imperii
726 2699 913 2727 consortem
937 2694 1162 2727 Theodosium
1184 2694 1320 2737 deligit,
1343 2694 1518 2728 oriundum
1541 2705 1583 2726 ex
1606 2692 1728 2739 oppido

287 2738 492 2784 Hispaniae
517 2739 709 2775 Callaeciae
734 2739 866 2784 Cauca,
889 2739 1054 2776 hominem
1076 2739 1267 2774 bellicosum
1282 2745 1317 2775 et
1331 2739 1460 2785 imperii
1474 2738 1625 2773 militaris
1639 2736 1730 2773 haud
