1812 3016
267 82 377 128 '398
791 92 794 94 ’
815 82 1174 131 ΒΕΙἙΕΜΕῙῈΒΙ

276 193 430 231 labores
445 191 620 244 bellique
638 192 812 244 perIcula
833 202 1077 233 aversantem
1099 194 1311 247 perhiberi.
1366 202 1493 248 potest
1510 197 1564 234 ita
1584 210 1646 235 res
1667 210 1708 235 se

275 248 442 296 habere,
483 255 526 285 ut
556 251 737 287 Zosimus
767 252 870 287 iusto
898 253 1070 303 iniquior
1100 254 1143 289 in
1171 251 1443 290 Theodosium
1469 255 1540 300 sit,
1581 259 1710 304 potest

276 307 397 342 etiam
428 306 608 342 excusari
635 306 705 342 illa
735 306 985 344 contradictio
1005 310 1148 358 partim
1166 321 1320 345 morum
1340 310 1382 346 in
1401 307 1626 346 Theodosio
1646 310 1710 346 vi-

276 359 517 427 cissitudinoe,
546 361 649 398 infra
666 360 858 412 exposita,
886 370 972 399 tum
990 370 1137 401 mutato
1155 377 1284 401 rerum
1301 371 1423 411 statu3
1454 367 1598 416 quippe
1619 377 1709 401 cum

274 418 391 455 Italia
411 418 553 454 amissa
573 425 687 464 esset,
711 420 748 454 ei
769 420 811 455 in
832 419 927 455 belli
947 420 1070 456 civilis
1092 422 1267 470 graviore
1288 421 1392 457 mole
1410 419 1709 471 periclitandum

274 479 370 510 erat.
410 473 553 523 legatio
575 472 626 510 ad
647 473 920 512 Theodosium
938 476 1071 522 missa,
1102 477 1289 526 expositis
1306 478 1354 513 iis
1373 489 1473 528 quae
1493 489 1515 513 a
1533 478 1708 513 Maximo

271 502 622 578 ma11data⁰era11t‚
675 543 830 568 reversa
861 529 1022 568 domum
1052 544 1179 583 neque
1212 545 1324 582 spem
1350 544 1479 584 neque
1511 533 1708 583 repulsam

274 586 377 623 tulit.

383 653 423 690 p.
445 642 524 680 228
548 654 585 677 v.
611 641 677 681 13.
735 641 863 678 firmat
884 643 1034 679 Zosimi
1056 640 1175 679 fidem
1193 643 1462 680 testimonium
1481 641 1709 690 Claudiani3

275 704 315 734 et
337 698 614 734 Tillemontius
630 695 732 733 nihil
751 699 843 746 agit,
875 699 942 748 qui
963 711 984 734 a
1006 696 1230 735 Theodosio
1253 701 1395 736 amoris
1413 699 1610 749 flagrantis
1629 699 1711 737 vim

275 754 388 804 quasi
420 754 617 789 maculam
645 754 803 803 pietatis
832 754 874 789 in
903 766 948 790 eo
979 755 1194 791 celebratae
1223 767 1402 791 amovere
1434 762 1472 791 et
1491 754 1710 804 abstergere

276 808 427 856 studet,
469 815 507 845 et
532 809 611 846 levi
629 810 821 846 subnixus
839 817 1091 860 argumento,
1132 809 1182 847 ad
1203 823 1350 847 annum
1366 810 1538 861 priorem
1553 811 1710 861 nuptias

275 866 358 902 eius
383 864 514 901 refert.

387 920 440 957 ib.
466 933 503 956 v.
520 922 588 961 20.
645 916 833 968 τεθνεώς.
889 934 992 959 anno
1024 923 1119 963 388.
1175 920 1257 959 vid.
1286 919 1435 959 Idatius
1461 928 1501 959 et
1531 920 1710 959 Gothosr.

277 975 329 1014 ad
347 976 376 1013 l.
398 979 424 1017 9
450 975 498 1012 de
517 988 659 1026 pagan.
715 977 858 1013 Ritter.

388 1031 443 1069 ib.
504 1033 612 1083 atqui
638 1039 794 1070 exstant
820 1031 871 1069 ad
893 1033 1111 1083 Cynegium
1135 1045 1195 1082 pr.
1225 1045 1286 1083 pr.
1315 1033 1385 1069 lex
1413 1034 1465 1072 23
1493 1045 1527 1069 c.
1555 1031 1635 1070 Th.
1662 1031 1711 1069 de

277 1095 445 1139 suscept.
471 1101 651 1138 praepos.
684 1095 722 1125 et
748 1090 903 1126 arcariis
930 1102 1027 1126 coss.
1058 1089 1237 1126 Timasio
1263 1095 1302 1124 et
1320 1090 1524 1135 Promoto,
1570 1088 1596 1128 4
1623 1089 1711 1125 Kal.

275 1145 515 1191 Decembris,
546 1151 584 1180 et
607 1145 636 1180 l.
656 1143 680 1183 5
703 1157 735 1181 c.
754 1143 834 1182 Th.
857 1143 1004 1181 tributa
1022 1145 1066 1180 in
1086 1146 1180 1194 ipsis
1196 1143 1392 1194 speciebus
1410 1143 1615 1194 infir-enda
1635 1157 1713 1180 esse

279 1199 328 1240 15
347 1201 434 1236 Kal.
454 1202 536 1237 Ian.
556 1199 699 1237 iisdem
719 1213 817 1238 coss.
874 1199 979 1237 unde
1005 1201 1098 1251 quia
1125 1199 1175 1236 ad
1200 1201 1414 1236 Tatianum
1442 1198 1585 1236 iisdem
1611 1212 1711 1236 coss.

276 1256 346 1292 lex
373 1257 425 1296 17
446 1269 478 1292 c.
502 1254 581 1292 Th.
615 1254 663 1292 de
691 1255 839 1293 haeret.
863 1258 888 1296 3
914 1258 1014 1293 Non.
1041 1257 1157 1302 Maii,
1199 1256 1268 1292 lex
1296 1257 1321 1295 9
1350 1255 1399 1292 de
1413 1254 1536 1304 salsa
1558 1262 1712 1291 moneta

276 1312 302 1352 5
321 1312 408 1347 Kal.
426 1312 530 1358 Iulii,
556 1311 627 1347 lex
646 1311 670 1350 5
690 1312 738 1348 de
757 1312 971 1362 quaestion.
995 1313 1020 1351 8
1037 1310 1096 1348 Id.
1118 1312 1240 1361 Sept.,
1271 1317 1309 1347 et
1326 1311 1353 1348 l.
1376 1313 1454 1351 120
1473 1311 1522 1347 de
1535 1310 1712 1347 decurio-

275 1366 358 1403 nib.
390 1369 439 1406 16
468 1367 554 1402 Kal.
584 1369 667 1403 Ian.
695 1366 806 1403 datae
838 1373 946 1413 sunt,
995 1369 1210 1403 etiamnum
1234 1368 1324 1403 vivo
1357 1365 1532 1416 Cynegio
1564 1367 1712 1403 lectum

273 1422 396 1459 fuisse
417 1423 540 1471 praef.
562 1435 621 1472 pr.
639 1423 853 1459 Tatianum
872 1423 1081 1472 colligitur.
1139 1420 1262 1473 quid‘l
1293 1421 1400 1472 quod
1422 1434 1524 1458 anno
1548 1435 1711 1472 praece-

275 1477 391 1514 dente
411 1476 636 1515 Theodosio
657 1480 693 1515 II
718 1485 756 1515 et
776 1479 949 1528 Cynegio
977 1491 1075 1516 coss.
1105 1477 1156 1514 ad
1177 1476 1348 1514 eundem
1369 1478 1420 1514 sit
1443 1478 1512 1514 lex
1532 1480 1558 1517 2
1577 1491 1611 1514 c.
1629 1477 1711 1515 Th.

274 1534 323 1570 de
340 1532 657 1578 Fabricensibus‚
689 1535 739 1574 15
757 1535 844 1571 Kal.
861 1536 959 1571 Nov.
983 1540 1022 1570 et
1042 1546 1139 1570 coss.
1160 1534 1331 1570 Honorio
1352 1535 1400 1569 N.
1417 1534 1463 1570 P.
1484 1540 1523 1569 et
1542 1532 1709 1581 Euodio‚

275 1602 377 1626 anno
399 1591 477 1630 386
498 1590 526 1625 l.
550 1591 599 1628 16
621 1602 653 1625 c.
672 1588 752 1626 Th.
785 1588 834 1626 de
858 1596 1025 1626 accusat.
1060 1595 1098 1625 et
1127 1590 1302 1639 inscript.
1332 1589 1553 1626 Reinesim.
1611 1587 1712 1626 haec

275 1646 494 1682 observatio
514 1646 686 1682 Reinesii
709 1646 812 1682 male
832 1659 873 1682 se
893 1644 1014 1681 habet
1035 1644 1072 1682 et
1091 1645 1251 1682 confusa
1271 1650 1362 1682 sunt
1379 1651 1569 1695 tempora.
1626 1643 1710 1683 vid.

275 1701 395 1737 etiam
417 1701 567 1737 Comm.
591 1699 685 1738 adl.
708 1702 759 1740 16
782 1715 814 1738 c.
835 1700 915 1738 Th.
938 1699 986 1737 de
1003 1699 1154 1737 haeret.
1209 1701 1352 1736 Ricter.

385 1769 425 1806 p.
446 1758 526 1796 229
548 1769 585 1793 v.
608 1759 644 1796 1.
700 1755 781 1793 vid.
805 1758 833 1794 l.
858 1757 906 1797 15
927 1755 975 1793 de
998 1763 1172 1808 quaest.,
1199 1756 1232 1793 l.
1254 1757 1330 1796 119
1354 1753 1402 1792 de
1423 1753 1577 1804 decan,
1605 1755 1635 1792 l.
1657 1756 1710 1795 19

276 1810 326 1848 de
351 1810 546 1848 extraord.
561 1841 571 1859 ‚
602 1819 640 1848 et
660 1813 838 1862 inprimis
857 1813 1007 1849 Comm.
1028 1811 1123 1849 adl.
1147 1815 1174 1853 2
1195 1818 1233 1848 c.'
1246 1810 1326 1848 Th.
1355 1810 1404 1848 de
1422 1809 1486 1848 his
1503 1811 1572 1861 qui
1593 1823 1711 1861 super

218 1900 228 1913 s
280 1868 459 1916 religion.
518 1866 566 1903 de
585 1866 658 1904 hoc
669 1869 836 1905 Tatiano
855 1870 975 1919 Lycia
995 1867 1159 1905 oriundo
1179 1868 1259 1917 agit
1277 1868 1429 1916 integra
1445 1867 1515 1903 lex
1534 1869 1558 1906 9
1579 1879 1612 1903 c.
1627 1865 1710 1903 Th.

282 1922 330 1959 de
348 1921 497 1972 indulg.
519 1924 642 1970 crim„
672 1923 868 1975 quomodo
893 1923 1055 1975 quidem
1071 1925 1345 1974 interpretatus
1364 1929 1422 1958 est
1441 1920 1619 1959 Gothofr.
1639 1921 1711 1959 sed

280 1990 401 2030 quem
419 1976 703 2015 hallucinatum
720 1993 803 2017 esse
824 1980 957 2017 scribit
975 1987 1012 2016 et
1031 1979 1170 2030 probat
1190 1980 1302 2028 Pagi.
1359 1978 1502 2013 Ritter.

392 2032 444 2069 ib.
467 2046 504 2069 v.
525 2037 565 2073 2.
620 2046 762 2085 nempe
781 2048 910 2072 comes
931 2035 972 2072 S.
992 2037 1039 2071 L.
1060 2033 1216 2086 quando
1235 2033 1325 2070 data
1345 2039 1402 2069 est
1418 2031 1470 2069 ad
1488 2045 1580 2070 eum
1597 2033 1667 2070 lex
1685 2033 1708 2073 1

281 2103 315 2127 c.
338 2087 418 2126 Th.
439 2087 487 2124 de
505 2089 725 2127 Fabricens.
748 2091 831 2127 etl.
853 2093 878 2131 8
903 2089 951 2127 de
971 2091 1061 2128 fals.
1082 2103 1188 2127 mon.
1245 2089 1463 2125 Reinesias.

389 2143 443 2180 ib.
466 2157 504 2180 v.
526 2147 564 2184 3.
622 2148 670 2198 τῇ
694 2147 862 2197 πατρίδι.
916 2145 1134 2183 indubitate
1165 2144 1263 2181 haec
1292 2143 1343 2180 ad
1371 2144 1596 2195 Aquileiam
1616 2155 1710 2193 spe-

277 2206 394 2236 ctant.
439 2201 623 2250 quoniam
644 2207 775 2238 autem
794 2203 961 2238 Tatiano
980 2203 1106 2252 patria
1123 2214 1202 2238 non
1219 2200 1402 2251 Aquileia
1418 2198 1490 2236 sed
1504 2205 1571 2235 aut
1587 2199 1710 2249 Lycia

277 2263 344 2292 aut
364 2254 645 2292 Thessalonica
669 2256 764 2304 fuit,
793 2270 862 2307 pro
879 2253 1087 2308 Ἀκυληΐας
1111 2258 1241 2294 visum
1259 2262 1316 2292 est
1330 2255 1452 2304 Pagio
1472 2255 1615 2291 melius
1642 2266 1710 2290 re-

278 2311 395 2348 scribi
429 2311 727 2360 Θεσσαλονίκης.
796 2311 981 2363 equidem
1011 2325 1149 2350 vocem
1179 2311 1334 2357 Λυκίας
1362 2317 1406 2347 ut
1430 2309 1714 2360 permutationi

279 2380 370 2403 cum
387 2362 592 2417 Ἀκυληΐας
617 2365 820 2404 faciendae
848 2369 1069 2419 propiorem
1094 2368 1276 2405 substitui
1295 2366 1448 2403 malim.
1505 2366 1556 2402 cf.
1577 2364 1709 2403 Tille-

276 2428 398 2459 mont.
420 2429 448 2458 t.
469 2421 553 2473 5p.
569 2423 650 2462 761
668 2429 749 2458 not.
770 2423 838 2462 50

388 2476 441 2514 ib.
464 2490 501 2514 v.
518 2477 558 2517 4.
618 2476 666 2514 de
684 2478 822 2515 Proclo
850 2476 931 2515 vid.
960 2478 989 2515 l.
1009 2481 1035 2519 9
1064 2491 1096 2515 c.
1116 2475 1164 2514 de
1183 2489 1325 2514 annon.
1346 2477 1421 2513 civ.
1451 2475 1593 2511 Ritter.
1654 2473 1708 2511 cf.

275 2534 508 2583 Prosopogr.
531 2547 564 2570 c.
583 2532 664 2571 Th.

383 2601 424 2638 p-
451 2591 532 2630 230
558 2602 596 2626 v.
623 2591 663 2628 7.
721 2586 992 2626 Theodosium
1015 2588 1147 2638 ipsum
1181 2586 1281 2623 mari
1310 2585 1465 2622 Italiam
1491 2584 1706 2634 petiturum

276 2655 359 2680 esse
384 2642 488 2680 hosti
506 2645 637 2695 opinio
654 2645 743 2682 fuit.
798 2645 908 2682 Oros.
927 2645 953 2683 7
983 2643 1050 2684 35.

385 2698 438 2735 ib.
465 2712 503 2738 v.
525 2703 589 2740 11.
646 2712 779 2751 pugna
802 2698 853 2738 ad
875 2701 1095 2737 Aemonam
1111 2697 1336 2734 Pannoniae
1360 2696 1484 2744 facta,
1513 2695 1704 2742 Maximo,
