1734 3002
7 346 43 379 p.
70 345 123 370 xn

0 2303 31 2335 p·
55 2299 126 2323 XIII

151 90 225 120 xiv
687 78 1044 124 REITEMEIERI

1075 163 1084 177 .

204 199 245 240 8.
279 197 406 236 Codex
426 197 507 242 526
529 195 697 238 eiusdem
722 199 816 238 bibl.
844 200 1122 253 bombycinus,
1159 200 1306 240 saeculi
1328 202 1402 252 16,
1430 201 1521 240 libri
1539 203 1580 244 6.

260 267 510 305 Montfaucon
530 268 558 305 1.
582 281 616 306 c.

203 334 245 371 in
273 335 478 384 IILspanid

204 402 245 443 9.
277 402 424 439 Zosimi
442 403 644 440 Historiae
661 408 785 440 novae
805 402 898 439 libri
913 404 938 443 6
956 409 1044 441 cuin
1064 405 1234 456 Eunnpii
1252 402 1300 442 de
1317 403 1415 442 Vitis
1433 402 1581 455 Sophi-

261 475 421 506 starum.
476 469 558 508 vid.
576 471 710 508 Iriarte
729 471 903 522 catalog.
922 481 1038 509 mser.
1060 473 1196 509 Graec.
1212 465 1310 510 bibl.
1330 472 1581 519 Matritensis,

261 537 389 585 1769,
417 528 488 575 fol.
507 551 553 588 p:
566 540 661 579 277.

149 602 192 640 hi
224 605 314 641 sunt
342 603 494 642 codices
524 598 612 657 qui,
642 603 750 657 quod
782 605 923 655 sciam,
954 606 1174 645 criticorum
1198 607 1380 644 manibus
1405 604 1583 642 nondum

149 672 291 709 versati
316 672 456 709 auxilii
479 671 601 708 futuri
619 684 729 722 spem
748 664 935 711 incertam
955 675 1158 726 praebent.
1214 675 1256 711 in
1273 673 1504 724 Mosquensi
1521 671 1583 708 bi-

154 737 343 776 bliotheca
366 739 410 776 S.
439 739 606 789 Synodi,
634 739 702 777 ubi
720 748 961 791 compertum
978 741 1172 779 habebam
1195 741 1415 779 conservari
1435 740 1584 777 Zosimi

153 807 303 855 capita,
347 813 392 843 ut
423 805 638 844 commodis
670 800 851 846 editionis
880 813 1005 846 novae
1036 807 1226 860 augendi⁸
1252 807 1360 846 haud
1391 806 1583 856 deessem,

158 873 396 918 Stritterum,
431 874 689 910 clarissimum
712 875 842 912 virum
859 889 904 913 ac
925 875 972 913 de
990 878 1295 928 Byzantium-um
1314 874 1476 913 historia
1494 888 1582 911 me-

153 939 400 990 ritissimum,
429 937 553 980 literis
574 943 792 994 appellavi,
819 949 863 980 ut
883 941 1039 981 doceret
1063 957 1159 981 num
1179 943 1274 996 quid
1293 941 1386 980 inde
1402 943 1582 980 utilitatis

151 1021 241 1046 meo
265 1010 373 1059 operi
400 1009 543 1047 arcessi
564 1004 709 1061 possit:
738 1023 875 1047 verum
897 1006 1190 1048 humanissimis
1209 1011 1284 1048 viri
1301 1009 1514 1048 doctissimi
1531 1010 1582 1046 li-
1608 1048 1614 1054 A

149 1077 242 1113 teris
274 1077 455 1114 intellexi
482 1090 566 1115 esse
594 1076 697 1114 illud
719 1090 840 1128 opus,
868 1077 911 1115 id
934 1077 1042 1130 qu'od
1064 1079 1130 1115 vel
1150 1091 1295 1115 nomen
1311 1090 1406 1129 prae
1421 1090 1464 1115 se
1481 1078 1582 1114 serre

148 1142 373 1192 videbatur,
402 1158 481 1182 non
504 1138 679 1182 historici
699 1146 843 1194 nostri,
873 1144 944 1185 sed
962 1143 1012 1185 τὰ
1032 1142 1229 1195 κεφάλαια
1250 1143 1455 1183 cuiusdam
1473 1157 1583 1182 asce-

148 1195 226 1248 tae:-
281 1212 414 1264 itaque
438 1211 488 1249 ad
509 1219 738 1250 contextum
754 1214 904 1251 Zosimi
922 1211 1256 1261 constituendum,
1286 1219 1325 1249 et
1345 1223 1446 1264 quae
1465 1213 1502 1249 ei
1518 1213 1583 1248 in-

148 1277 301 1315 sideant
317 1277 462 1316 menda
477 1278 665 1328 tollenda,
687 1286 912 1332 quanquam
931 1279 1160 1318 destitutum
1174 1292 1240 1316 me
1258 1277 1440 1317 subsidiis
1453 1291 1582 1315 mem-

147 1344 359 1382 branarum
387 1346 618 1395 cernebam,
659 1346 817 1384 aliunde
844 1354 978 1385 tamen
1007 1343 1264 1384 animadverti
1287 1360 1402 1398 posse
1432 1346 1583 1399 aliquid

147 1411 278 1449 afferri
297 1411 348 1450 ad
366 1426 453 1451 eam
472 1425 556 1452 rem
574 1415 736 1451 auxilii:
765 1415 934 1452 formam
951 1415 1057 1452 enim
1075 1415 1258 1452 orationis
1275 1416 1480 1452 Zosimeae
1497 1421 1583 1452 stu-

148 1477 212 1517 dio
241 1481 485 1531 exploratam
517 1487 556 1519 et
588 1482 804 1532 cognitam,
833 1482 992 1533 linguae
1016 1483 1139 1533 ipsius
1164 1482 1387 1533 analogiam
1407 1495 1452 1519 ac
1474 1483 1584 1533 leges

149 1553 188 1584 et
214 1560 345 1584 rerum
371 1549 548 1599 ipsarum
569 1555 749 1585 naturam
772 1545 959 1587 vicariam
977 1547 1176 1601 quandam
1195 1547 1374 1587 codicum
1396 1550 1583 1601 praebere

148 1626 288 1664 opem3
317 1610 496 1666 inprimis
528 1628 620 1654 vero
649 1617 815 1654 lectione
842 1617 1074 1667 scriptorum
1104 1629 1127 1654 a
1152 1617 1294 1669 quibus
1311 1618 1492 1654 Zosimus
1513 1629 1583 1654 sua

149 1679 414 1732 deprompsit,
453 1684 627 1735 Dexippi
654 1679 824 1735 Eunapii
851 1691 890 1721 et
915 1683 1186 1736 Olympiodori
1216 1685 1484 1739 aliorumque,
1513 1685 1583 1736 qui

148 1749 214 1785 vel
230 1761 282 1784 ex
297 1747 439 1786 eodem
455 1762 532 1802 quo
551 1752 731 1790 Zosimus
747 1752 855 1790 fonte
874 1750 1100 1800 hauserunt,
1130 1758 1197 1790 aut
1211 1752 1280 1804 qui
1296 1753 1446 1806 Zosimi
1459 1753 1584 1804 ipsius

152 1812 424 1853 auctoritatem
452 1818 575 1854 secuti
599 1825 689 1855 sunt
709 1831 879 1871 eumque
902 1817 1209 1871 exscripserunt,
1237 1820 1361 1858 veluti
1377 1821 1584 1859 Sozomeni

152 1889 192 1919 et
213 1882 379 1932 Suidae,
410 1886 699 1935 comparatione
718 1887 842 1924 multa
858 1899 973 1937 posse
994 1887 1159 1924 restitui.
1215 1894 1332 1939 atque
1356 1887 1406 1924 ab
1427 1885 1490 1924 his
1510 1885 1584 1924 ad-

150 1949 335 1988 iumentis
363 1952 573 1990 instructus
586 1981 597 2000 ,
628 1952 862 2004 adiutusque
882 1955 1056 1992 virorum
1076 1952 1277 1991 doctorum
1295 1951 1584 1990 emendationi-

148 2017 223 2054 bus
254 2023 292 2053 et
321 2019 551 2056 coniecturis
575 2020 723 2070 passim
748 2019 873 2057 obviis
886 2048 897 2068 ,
928 2019 996 2056 ubi
1018 2020 1249 2057 temeritatis
1270 2019 1424 2058 abesset
1439 2027 1582 2069 metus,

149 2084 191 2121 in
211 2082 360 2122 vitiosis
378 2085 475 2123 locis
495 2085 808 2134 emendationes,
839 2098 937 2138 quas
965 2087 1257 2137 probatissimas
1282 2086 1581 2136 intellexissem,

149 2152 232 2188 sive
259 2158 390 2189 essent
413 2152 564 2202 alienae
590 2154 671 2190 sive
701 2152 750 2190 de
778 2154 920 2191 nostris
945 2161 1147 2205 sumptae,
1177 2152 1383 2191 admittere
1418 2146 1461 2191 et
1486 2163 1583 2192 c'on-

148 2218 276 2256 textui
293 2219 459 2267 inferre,
485 2221 558 2257 etsi
579 2220 679 2257 bene
699 2233 852 2257 memor
869 2221 978 2258 cuius
997 2219 1183 2258 audaciae
1201 2227 1337 2258 notam
1356 2219 1463 2272 apud
1478 2231 1582 2259 non-

150 2287 280 2324 nullos
299 2287 496 2324 subiturus
514 2299 654 2335 essem,
678 2293 811 2324 tamen
828 2286 997 2326 decrevia
1036 2287 1193 2341 quando
1208 2299 1299 2326 vero
1317 2289 1449 2326 minus
1464 2289 1582 2326 blan-

149 2352 324 2391 direntur
353 2355 619 2403 coniecturae,
658 2368 759 2407 quae
789 2353 947 2392 libidini
975 2356 1106 2407 potius
1134 2355 1277 2403 animi,
1306 2367 1407 2406 quae
1434 2361 1582 2393 temere

150 2427 347 2470 grassatur
371 2422 412 2457 in
438 2422 578 2470 verba,
617 2434 736 2473 quam
762 2423 920 2460 rationis
940 2434 985 2459 ac
1003 2423 1244 2460 necessitatis
1263 2423 1430 2473 imperio
1449 2421 1582 2461 deberi

150 2485 396 2536 viderentur,
425 2488 700 2526 abstinendum
726 2489 774 2526 ab
802 2484 851 2526 iis
879 2495 1004 2538 ratus,
1033 2490 1197 2527 lectores
1231 2488 1280 2526 de
1308 2491 1359 2527 iis
1386 2501 1488 2541 quae
1511 2491 1583 2526 uui

153 2554 313 2591 alterive
347 2556 430 2592 viro
465 2554 577 2593 docto
610 2551 752 2593 m'elius
782 2555 899 2593 scribi
924 2557 1008 2594 visa
1036 2563 1127 2594 sunt
1153 2557 1196 2594 in
1224 2557 1328 2594 nofls
1353 2556 1583 2594 brevissime

153 2621 291 2659 monui
309 2629 347 2659 et
362 2621 499 2659 iudicii
516 2621 564 2660 de
582 2622 631 2660 iis
648 2619 801 2660 ferendi
818 2624 972 2674 copiam
987 2621 1079 2661 feci.
1121 2636 1166 2660 ac
1185 2623 1283 2661 ratio
1298 2631 1430 2662 nostra
1446 2620 1584 2662 emen'-

156 2687 277 2726 dandi
304 2691 524 2728 versionem
549 2691 750 2740 Latinam,
793 2702 895 2743 quae
924 2689 1153 2731 Leunclavii
1181 2689 1352 2729 secunda
1379 2698 1459 2741 est,
1502 2691 1584 2728 fere
