1774 3002
253 121 316 170 84
877 121 1071 165 ZOSIMI

250 235 335 289 μέν,
369 233 540 291 ἀγνῶτες
563 237 632 289 τῆς
666 232 763 276 ὁδοῦ
792 233 849 276 δι’
886 228 934 288 ἧς
961 231 1099 291 ἔφευγε
1121 233 1330 284 Λικίννιος
1355 232 1486 284 ὅντες,
1529 229 1701 289 φθάσαι-

249 308 389 346 τοῦτον
409 302 480 344 οὐκ
499 301 780 357 ἠδυνήθησαν·
817 299 837 343 ὅ
857 303 900 343 δὲ
923 303 1225 352 Κωνσταντΐνος
1245 300 1381 354 ζεύξας
1402 301 1474 356 τὴν
1491 305 1564 342 τοῦ
1578 298 1688 342 Σάου

248 371 445 427 γέφυραν,
480 370 528 424 ἢν
548 368 569 411 ὅ
586 372 794 419 Λικίννιος
815 368 849 411 ἵεί
859 386 923 423 υχε
944 368 1156 420 διαλύσας,
1181 369 1266 422 ἅμα
1285 373 1342 427 τῷ
1361 371 1521 424 στρατῷ
1539 369 1688 408 Λικιν-

251 439 335 480 νιόυ
359 436 523 479 κατόπιν
545 436 695 494 ε’χώρει.
741 438 885 491 διαβὰς
909 438 951 479 δὲ
974 438 1034 478 ἐπὶ
1057 437 1127 491 τὴν
1158 435 1322 495 Θρᾴκην
1346 435 1565 493 ἀφικνεῖται
1590 434 1690 491 πρὸς

251 505 296 547 τὸ
330 507 461 547 πεδίον
495 507 535 546 ἓν
568 499 601 562 ᾧ
630 506 838 547 Λικίννιον
874 502 1280 561 στρατοπεδευόμενον
1307 498 1430 560 εὗρεν.
1504 504 1545 544 ἓν
1577 502 1619 543 δὲ
1640 505 1690 557 τῇ
1699 510 1720 545 5

250 573 358 614 νυκτὶ
386 572 486 614 καθ’
521 571 569 626 ἢν
592 573 753 626 ἐπέστη,
789 571 912 622 τάξας
938 572 1008 626 τὴν
1026 570 1171 614 ἑαυτοῦ
1189 569 1376 624 δύναμιν,
1411 571 1591 612 ἐπέταττε
1608 575 1690 618 τοῖς

249 639 511 696 στρατιώταις
544 638 629 693 ἅμα
659 639 730 694 ἠοῖ
754 639 854 696 πρὸς
873 638 1007 694 μάχην
1031 637 1416 695 παρασκευάζεσθαι.
1481 636 1690 692 γενομένης

247 708 290 748 δὲ
308 706 458 763 ἡμέρας
477 706 726 760 θεασάμενος
746 705 766 748 ὃ
782 709 988 756 Λικίννιος
1002 706 1068 748 τὸν
1082 709 1381 748 Κωνσταντῖνον
1401 704 1474 747 σὺν
1487 709 1543 761 τῷ
1564 721 1688 760 στρα-

247 773 411 827 τεύματι
430 776 496 816 καὶ
515 774 636 824 αὐτὸς
658 773 922 825 ἀντετάττετο,
957 774 1142 816 κοινωνὸν
1167 773 1266 827 ξ’χων
1283 778 1354 815 τοῦ
1373 773 1546 825 πολέμου
1576 769 1688 813 Οὐά-

248 846 364 884 λεντα
388 843 577 897 Καίσαρα
598 841 697 898 παρ’
727 842 850 884 αὐτοῦ
872 841 973 895 μετὰ
996 841 1068 895 τὴν
1089 841 1167 883 ἀπὸ
1186 839 1394 894 Κιβάλεως
1410 839 1539 896 φυγὴν
1561 855 1686 880 κατα-
1699 847 1741 881 10

246 907 409 950 στάντα.
476 906 755 962 συμπεσόντων
795 910 836 950 δὲ
868 913 947 951 τῶν
983 909 1261 965 στρατοπέδων
1288 906 1494 962 ἀλλήλοις,
1530 906 1580 948 τὰ
1614 906 1687 960 μὲν

246 981 385 1032 πρῶτα
414 975 645 1025 διαστάντες
677 975 805 1026 τόξοις
832 977 1026 1032 ἐχρῶντο,
1061 981 1140 1019 τῶν
1162 977 1205 1018 δὲ
1225 979 1356 1030 βελῶν
1377 973 1686 1028 δαπανηθέντων

245 1042 387 1100 δόρασι
412 1045 477 1084 καὶ
504 1045 746 1100 ἐγχειριδίοις
773 1045 986 1085 ἐνέπιπτον.
1055 1042 1111 1085 ἔτι
1132 1045 1174 1085 δὲ
1191 1048 1270 1085 τῶν
1290 1042 1567 1099 στρατοπέδων
1584 1058 1684 1096 καρ-

240 1116 364 1167 τερῶς
386 1111 626 1165 ε’γκειμείνων,
649 1111 686 1152 οἳ
710 1111 821 1166 παρὰ
844 1112 1145 1154 Κωνσταντίνου
1168 1113 1305 1161 διῶξαι
1327 1111 1536 1152 Λικίννιον
1557 1124 1684 1165 προσ-

240 1179 453 1232 ταχθέντες
490 1179 722 1234 ἐφίστανται
764 1185 847 1228 τοῖς
890 1177 1158 1234 στρατεύμασι
1207 1179 1448 1233 μαχομένοις
1488 1175 1530 1218 ἴκ
1579 1192 1684 1225 τινος
1696 1184 1737 1220 15

239 1244 419 1287 ἀπόπτου
444 1246 621 1302 χωρίου,
656 1244 889 1299 κάμψαντες
915 1247 957 1287 δὲ
981 1244 1049 1287 διά
1072 1263 1178 1295 τινος
1194 1244 1322 1302 λόφου
1341 1247 1420 1287 δεῖν
1439 1242 1625 1297 ἐνόμισαν
1643 1244 1685 1292 ἓξ

237 1312 465 1368 ἱπερδεξίου
494 1311 617 1354 τόπου
660 1319 742 1362 τοῖς
772 1314 927 1362 οἰκείοις
965 1316 1157 1366 συμμῖξαι
1187 1314 1254 1354 καὶ
1290 1312 1385 1372 τοὺς
1416 1311 1616 1360 ἐναντίους
1644 1310 1684 1360 ἓς

237 1379 431 1421 κύκλωσιν
458 1383 717 1434 καταστῆσαι.
787 1381 1075 1436 φυλαξαμένοιν
1101 1381 1144 1422 δὲ
1174 1385 1252 1421 τῶν
1284 1379 1357 1421 σὺν
1385 1379 1581 1434 Λικιννίῳ
1615 1379 1680 1418 καὶ

236 1449 422 1502 γενναίως
441 1446 540 1501 πρὸς
559 1445 738 1496 ἅπαντας
761 1446 1075 1502 ἀγωνισαμένων,
1112 1451 1269 1488 πολλῶν
1295 1448 1338 1488 δὲ
1363 1448 1429 1487 καὶ
1449 1443 1681 1502 ἀναριθμή-

236 1531 316 1555 των
333 1516 374 1563 ἒξ
394 1513 578 1570 ἑκατέρου
601 1511 799 1556 πεσόντων
824 1519 894 1568 τῆς
920 1532 961 1556 τε
991 1513 1125 1568 μάχης
1148 1516 1363 1564 ῗσοπαλοῦς
1389 1513 1608 1569 γενομένης,
1636 1513 1678 1554 ἐκ
1688 1521 1734 1557 20

235 1579 495 1636 συνθήματος
512 1579 694 1635 ἀλλήλων
714 1582 916 1638 ἐχωρίσθη
933 1582 984 1624 τὰ
1006 1580 1297 1638 στρατεύματα.

371 1649 447 1692 20.
485 1652 550 1704 Τῇ
563 1649 605 1689 δὲ
621 1647 811 1707 ὑστεραίᾳ
830 1649 1037 1704 γενομένης
1057 1649 1277 1703 ἀνακωχῆς,
1300 1647 1542 1705 ἀμφοτέροις
1554 1644 1679 1688 ε’δόκει

234 1717 439 1758 κοινωνίαν
471 1714 573 1768 ἔχειν
598 1717 663 1758 καὶ
696 1714 913 1770 ὁμαιχμίαν
941 1716 1010 1773 ἐφ’
1041 1710 1075 1774 ᾧ
1096 1716 1164 1759 τὸν
1181 1717 1254 1771 μὲν
1275 1718 1578 1759 Κωνσεαντῖιόν
1602 1712 1678 1771 ἄρ-

326 1833 370 1867 13
393 1829 639 1865 συνέπιπτονῖ

234 1932 355 1977 qnendi
370 1943 471 1965 cansa
483 1931 595 1966 mittit.
642 1931 702 1966 sed
717 1930 763 1966 illi
778 1932 864 1976 viae,
889 1943 956 1977 qua
970 1932 1119 1968 Licinius
1135 1935 1282 1978 fugerat,
1304 1933 1410 1977 ignari
1426 1931 1585 1977 consequi
1601 1944 1675 1968 eum

231 1977 364 2011 minime
389 1982 582 2022 potuerunt.
628 1977 866 2011 Constantinus
891 1982 1001 2012 autem
1025 1979 1108 2012 Savi
1131 1985 1235 2024 ponte
1253 1979 1387 2018 iuncto,
1410 1989 1506 2022 quem
1529 1978 1674 2011 Licinius

230 2021 431 2065 resciderat,
455 2033 528 2054 cum
549 2022 698 2055 exercitu
725 2021 844 2055 Licinii
864 2022 1015 2066 vestigiis
1039 2023 1202 2056 inhaeret.
1269 2034 1409 2066 cumque
1432 2023 1618 2056 transiisset
1638 2023 1673 2056 in

231 2066 429 2107 Thraciam,
453 2066 609 2110 pervenit
631 2066 674 2099 ad
698 2077 769 2099 eam
789 2066 958 2111 planitiem
979 2067 1012 2100 in
1036 2079 1101 2111 qua
1118 2067 1277 2101 Licinium
1293 2074 1404 2101 castra
1420 2073 1576 2101 metatum
1594 2079 1674 2112 rep-

193 2125 198 2129 *
227 2111 328 2157 perit.
374 2110 489 2143 eadem
508 2116 606 2143 nocte
628 2121 694 2154 qua
717 2115 869 2149 venerat,
892 2111 1057 2145 instructa
1082 2124 1214 2146 suorum
1240 2112 1322 2155 acie,
1348 2112 1505 2146 militibus
1520 2112 1674 2157 imperat,

226 2156 331 2201 prima
347 2155 419 2188 luce
434 2155 540 2199 parati
557 2155 601 2188 ad
617 2166 755 2199 pugnam
773 2159 894 2188 essent.
941 2156 997 2188 ubi
1014 2156 1083 2189 dies
1106 2157 1281 2199 illuxisset,
1303 2156 1464 2200 Licinius,
1491 2162 1672 2203 conspecto

226 2212 299 2234 cum
315 2200 464 2234 exercitu
482 2200 718 2241 Constantino,
742 2200 845 2232 aciem
869 2211 910 2233 ex
935 2201 1077 2234 adverso
1099 2203 1220 2247 etipse
1234 2213 1325 2235 suam
1340 2201 1481 2241 instruit,
1506 2213 1578 2235 cum
1593 2202 1674 2236 belli

228 2245 354 2279 socium
380 2245 554 2278 Valentem
578 2245 733 2286 haberet,
758 2245 935 2278 Caesarem
958 2246 1000 2278 ab
1024 2257 1060 2279 se
1082 2247 1204 2281 dictum
1223 2259 1266 2280 ex
1282 2258 1348 2291 quo
1363 2248 1443 2289 fuga
1460 2246 1598 2280 Cibalim
1617 2258 1672 2280 re-

227 2291 386 2335 liquerat.
436 2290 601 2322 exercitus
626 2289 716 2322 inter
738 2300 775 2322 se
796 2290 965 2332 congressi
990 2301 1030 2323 ac
1054 2291 1189 2335 primum
1209 2303 1249 2325 cx
1266 2291 1442 2325 intervallo
1457 2291 1599 2326 seiuncti
1612 2302 1671 2324 sa-

227 2335 321 2379 gittis
335 2338 480 2368 utuntur.
527 2333 603 2367 telis
626 2334 792 2367 exhaustis
817 2346 888 2367 cum
905 2335 1007 2368 hastis
1023 2340 1057 2368 et
1071 2337 1270 2380 pugionibus
1287 2336 1427 2370 irruunt.
1480 2336 1557 2370 dum
1580 2336 1671 2370 acri—

226 2386 281 2414 ter
296 2391 439 2425 pugnam
453 2378 618 2413 exercitus
633 2384 763 2422 urgent,
785 2379 806 2411 ii
824 2390 907 2423 qnos
925 2381 1163 2415 Constantinus
1180 2381 1337 2415 Licinium
1354 2381 1512 2426 persequi
1526 2381 1671 2414 iusserat

228 2426 270 2459 de
291 2424 470 2470 conspicuo
493 2423 635 2468 quodam
662 2423 734 2456 loco
757 2424 982 2467 pugnantibus
1004 2427 1205 2460 exercitibus
1238 2427 1494 2471 superveniunt,
1518 2429 1554 2458 et
1576 2425 1667 2459 flexo

226 2482 290 2515 per
304 2472 421 2504 collem
435 2469 596 2514 quendam
611 2467 732 2502 itinere
747 2479 819 2502 cum
835 2469 900 2502 suis
916 2481 957 2503 ex
981 2471 1098 2504 acclivi
1119 2476 1154 2505 et
1168 2471 1383 2505 eminentiore
1396 2471 1470 2504 loco
1485 2470 1667 2513 iungendas

225 2516 315 2550 vires
337 2518 486 2549 statuunt
510 2519 545 2547 et
566 2513 680 2547 hostes
699 2514 742 2546 ab
759 2513 845 2546 omni
862 2520 958 2558 parte
974 2515 1164 2559 cingendos.
1213 2517 1255 2550 ab
1272 2528 1312 2549 eo
1331 2527 1404 2549 cum
1419 2514 1480 2548 sibi
1498 2515 1668 2548 cavissent

223 2560 341 2594 Licinii
364 2561 498 2604 milites,
521 2563 556 2593 et
581 2558 715 2591 fortiter
738 2558 900 2591 adversus
927 2571 1039 2594 omnes
1058 2560 1291 2600 dimicassent,
1314 2560 1443 2604 iamque
1464 2559 1615 2604 pluribus
1630 2564 1666 2593 et

223 2605 515 2639 innumerabilibus
537 2603 671 2649 quidem
694 2602 849 2647 utrinque
875 2604 981 2637 caesis
1007 2605 1078 2648 pari
1103 2606 1213 2640 Marte
1233 2611 1415 2650 pugnatum
1439 2609 1542 2648 esset,
1567 2604 1663 2650 signo

223 2649 304 2684 dato
319 2662 338 2684 a
353 2663 389 2684 se
403 2650 543 2684 invicem
559 2648 712 2692 dirempti
729 2648 863 2681 fuerunt
878 2649 1055 2682 exercitus.

312 2698 367 2730 20.
412 2694 581 2730 Postridie
595 2693 701 2739 pactis
714 2693 872 2734 induciis,
897 2693 1003 2727 visum
1025 2698 1078 2728 est
1091 2693 1178 2729 inter
1195 2694 1310 2729 ambos
1325 2703 1400 2727 esse
1415 2691 1540 2726 debere
1557 2692 1664 2727 socie-

222 2743 324 2774 tatem
350 2745 385 2774 et
410 2740 528 2775 foedus
553 2743 716 2780 mutuum,
739 2737 784 2772 ita
811 2737 944 2783 quidem
961 2742 1000 2772 ut
1019 2739 1256 2775 Constantinus
1277 2738 1463 2786 imperaret
1490 2737 1611 2783 lllyn‘is
1628 2741 1664 2772 et
