1812 3016
258 79 280 123 1
291 77 350 123 16
875 78 1070 121 ZOSIMI

253 191 339 232 τιόυ
364 187 495 247 φέρων
515 186 794 247 ὑπερηφάνους
805 221 817 240 ,
852 188 896 240 ὃς
918 189 1021 231 κατὰ
1042 187 1345 232 Κωνσταντίνου
1365 188 1433 232 καὶ
1453 190 1532 230 τῶν
1552 186 1594 237 ε”ξ
1614 185 1689 230 αὗ-

255 262 326 300 τοῦ
354 257 566 313 γεγονότων
592 257 722 301 ἄτοπα
750 258 879 309 πολλὰ
907 255 1194 314 συμφορήσας,
1228 257 1294 298 καὶ
1325 255 1398 310 τὴν
1426 260 1505 298 τῶν
1536 253 1689 296 πόλεων

245 324 453 368 ,ἀπώλειαν
469 330 520 382 τῇ
535 327 623 382 περὶ
638 326 709 380 τὴν
731 325 857 380 ἀρχὴν
878 325 1042 375 ἀναθεὶς
1060 324 1251 382 ε’κμελείᾳ,
1285 328 1356 378 τῆς
1373 322 1499 380 ἀρχῆς
1517 323 1688 365 ἐκέλευεν

253 395 436 448 ἐκστῆναι
467 395 704 450 Μαγνεντίῳ
735 392 1035 443 Κωνστάντιον,
1070 394 1105 434 εἷ
1127 394 1195 446 ζῆν
1217 391 1327 448 αὐτῷ
1349 391 1440 444 μετ’
1466 390 1689 446 ἀσφαλείας

245 459 537 517 ,συγχωρήσειεν
567 461 793 516 ἀγαπῶντα.
861 465 934 502 τοῦ
964 461 1007 502 δὲ
1030 458 1129 502 θεόν
1157 476 1197 501 τε
1226 460 1293 501 καὶ
1319 460 1431 513 δίκην
1453 456 1719 512 αἷτήσαντος5

250 530 434 585 γενέσθαι
464 529 664 584 τιμωροὺς
693 532 764 571 τοῦ
797 526 1062 578 Κώνσταντος
1083 525 1231 584 φόνου,
1257 526 1331 568 σὺν
1355 525 1490 575 αὗτοῒς
1509 542 1549 567 τε
1569 529 1687 566 πολε-

243 595 391 651 μήσειν
418 594 594 647 εἰπόντος
603 627 616 647 ,
653 595 839 645 Τιτιανὸς
866 596 939 649 μὲν
965 595 1064 651 πρὸς
1084 594 1335 650 Μαγνὲντιον
1353 593 1549 635 ἐπανιέναι
1572 609 1687 634 συνε-

245 671 428 720 χωρεῖτο,
461 665 527 705 καὶ
548 667 675 705 ταῦτα
694 665 894 704 Φιλίππου
915 664 1013 719 παρ’
1034 663 1165 718 ε’κείνῳ
1181 659 1459 716 μεμενηκότος,
1494 659 1687 715 Νἱαγνὲν-

247 746 332 781 τιος
366 732 410 773 δὲ
439 731 676 786 προαγαγὼν
706 730 775 772 τὸν
801 729 994 786 στρατόν,
1029 732 1194 773 Σισκιάν
1215 728 1315 770 ἐλὼν
1338 730 1379 778 ἐξ
1399 726 1548 784 ἐφόδου
1569 727 1686 768 κατέ-

247 811 427 853 σκαψεν,
460 798 640 840 ἐπελθὼν
677 798 719 839 δὲ
752 796 882 839 πάντα
916 798 967 840 τὰ
998 799 1087 852 περὶ
1121 797 1188 838 τὸν
1209 795 1317 838 Σάον
1333 797 1464 852 χωρία
1490 796 1556 837 καὶ
1578 795 1685 836 λείαν
1698 801 1740 834 10

246 868 433 919 πλείστην
461 865 677 920 ἀπαγαγών
698 865 758 906 ἐπὶ
779 865 823 906 τὸ
844 866 1012 920 Σίρμιον
1029 864 1218 919 ἤλαυνεν,
1254 863 1427 917 ἀμαχητὶ
1450 864 1515 905 καὶ
1537 859 1685 917 ταύτην

248 933 425 989 αἱρήσειν
448 931 637 986 οἰόμενος.
705 932 936 989 διαμαρτὼν
958 933 1001 974 δὲ
1020 936 1091 986 τῆς
1111 929 1365 988 ἐγχειρήσεως
1398 928 1683 986 (ἀπεκρούσθη

243 1002 321 1058 γὰρ
354 999 432 1042 ὗπό
465 1018 506 1043 τε
538 1005 611 1042 τοῦ
637 999 821 1054 πλήθους
847 1005 927 1041 τῶν
951 998 1168 1056 οἰκητόρων
1192 1001 1259 1041 καὶ
1279 1003 1359 1040 τῶν
1378 998 1684 1053 ἐπιτεταγμένων

243 1069 317 1123 τὴν
338 1067 452 1110 πόλιν
475 1066 688 1124 φυλάττειν
707 1069 989 1123 στρατιωτῶν)
1021 1068 1083 1109 ε’πὶ
1110 1067 1183 1120 τὴν
1209 1069 1414 1122 ,Μοῦρσαν
1434 1063 1572 1121 ἐχώρει
1596 1063 1683 1118 ἅμα

242 1141 293 1192 τῇ
321 1135 487 1189 δυνάμει
514 1134 637 1191 πάσῃ.
703 1140 784 1177 τῶν
812 1136 854 1176 δὲ·
884 1135 986 1177 κατὰ
1017 1134 1088 1190 τὴν
1109 1133 1223 1176 πόλιν
1239 1131 1557 1176 ἀποκλεισάντων
1573 1132 1683 1190 αὐτῷ
1694 1142 1736 1176 15

243 1204 316 1253 τὰς
345 1202 475 1253 πύλας
500 1205 567 1245 καὶ
598 1205 653 1253 εἷς
679 1203 752 1252 τὰς
774 1201 952 1253 ἐπάλξεις
986 1200 1219 1256 ἀναβάντων
1245 1201 1384 1257 ἠπόρει
1402 1203 1488 1258 περὶ
1508 1200 1553 1243 τὸ
1576 1217 1681 1255 πρα-

243 1272 356 1314 κτέον
386 1270 408 1312 ὃ
434 1270 707 1325 Μαγνέντιος,
742 1269 831 1312 οὔτε
857 1270 1041 1324 μηχανὰς
1067 1270 1167 1323 ἔχων
1197 1268 1286 1311 οὔτε
1312 1269 1444 1318 ἄλλως
1465 1267 1682 1322 πλησιάσαι

241 1343 300 1396 τῷ
329 1340 446 1391 τείχει
477 1335 715 1390 δυνάμενος·
743 1339 1035 1391 κατηκοντίζετο
1059 1338 1135 1393 γὰρ
1161 1337 1296 1389 βέλεσί
1312 1353 1353 1378 τε
1372 1337 1438 1378 καὶ
1456 1337 1587 1385 λίθοις
1602 1333 1680 1376 ὑπὸ

240 1410 320 1448 τῶν
345 1407 406 1447 ἐπὶ
429 1410 508 1447 τῶν
529 1403 726 1454 ἐπάλξεων
746 1406 994 1458 μαχομένων.
1061 1406 1144 1446 ἐπεὶ
1173 1405 1216 1446 δὲ
1247 1406 1313 1446 καὶ
1338 1405 1604 1459 Κωνσταντίῳ
1628 1402 1680 1444 τὰ

241 1475 331 1528 περὶ
357 1477 428 1527 τῆς
458 1474 686 1528 πολιορκίας
715 1472 888 1527 ἠγγέλθη
899 1503 913 1523 ,
945 1472 1048 1528 μετὰ
1077 1470 1207 1526 πάσης
1229 1471 1448 1522 ἐξαναστὰς
1466 1475 1537 1526 τῆς
1556 1468 1734 1512 δυνά-20

237 1557 344 1593 μεως
377 1541 608 1596 παρεγένετο
630 1539 851 1594 βοηθήσων
870 1544 920 1597 τῇ
940 1539 1049 1582 πόλει
1079 1538 1385 1595 κινδυνευούσῃ,
1419 1539 1680 1595 παραμείψας
1700 1538 1704 1546 “

239 1609 414 1662 Κίβαλιν
433 1610 500 1649 καὶ
519 1611 593 1662 γῆν
613 1606 773 1650 ἅπασαν
793 1607 891 1662 ὅσην
909 1606 930 1649 ὃ
954 1608 1094 1664 Δρᾶος
1117 1614 1320 1665 παραρρεῖ
1333 1604 1525 1660 ποταμός.

374 1676 453 1719 50.
520 1672 700 1732 Μούρσῃ
741 1676 784 1717 δέ
819 1674 1045 1730 πλησιάσας
1075 1673 1095 1717 ὃ
1120 1676 1371 1730 Μαγνὲντιος
1397 1678 1477 1730 πῦρ
1502 1676 1676 1730 προσῆγε

327 1793 370 1827 21
392 1791 630 1836 παραμείψας
652 1788 692 1826 δὲ
714 1791 756 1828 Ρ.

235 1892 413 1928 tumeliosis
428 1891 462 1925 in
478 1891 732 1927 Constantinum
750 1895 784 1926 et
798 1891 886 1926 filios
903 1891 974 1926 eius
989 1892 1178 1936 congestis,
1211 1895 1245 1926 et
1260 1891 1390 1926 urbium
1405 1890 1540 1925 interitu
1554 1890 1598 1924 ad
1612 1891 1675 1925 bo-

233 1950 305 1972 rum
320 1939 354 1971 in
370 1937 612 1980 gubernatione
627 1938 814 1972 socordiam
830 1938 947 1978 relato,
974 1939 1203 1972 Constantium
1218 1937 1355 1982 imperio
1372 1936 1493 1970 cedere
1506 1936 1675 1980 Magnen—

232 1984 281 2017 tio
297 1983 412 2021 iussit,
438 1988 471 2015 et
487 1983 585 2026 aequi
602 1983 746 2027 bonique
760 1983 896 2026 facere,
919 1983 947 2016 si
963 1983 1015 2015 vel
1033 1983 1074 2015 de
1089 1983 1180 2016 vitae
1197 1983 1377 2015 securitate
1391 1981 1421 2014 ei
1441 1981 1598 2014 cavisset.
1635 1985 1672 2015 at

231 2028 290 2061 ille
308 2030 463 2072 precatus
480 2027 575 2060 deum
599 2033 701 2071 atque
727 2027 934 2069 Vindictam,
968 2027 1159 2072 interempti
1182 2026 1372 2063 Constantis
1395 2026 1521 2059 ultores
1544 2030 1670 2067 essent,

231 2073 272 2107 iis
286 2084 323 2105 se
337 2072 420 2105 locis
435 2071 555 2104 bellum
571 2078 740 2115 gesturum
757 2072 815 2105 ait.
864 2077 966 2116 atque
995 2072 1042 2106 ita
1066 2073 1200 2106 Titiano
1216 2077 1367 2116 potestas
1381 2071 1422 2104 ad
1441 2071 1670 2113 Magnentium

231 2117 390 2152 redeundi
404 2117 496 2149 facta
511 2116 576 2150 fuit
588 2143 598 2160 ‚
634 2117 714 2151 licet
727 2117 899 2162 Philippus
915 2117 1002 2161 apud
1017 2117 1107 2150 illum
1124 2118 1280 2151 detentus
1295 2117 1458 2149 haereret.
1505 2117 1671 2159 Magnen-

230 2163 298 2197 tius
316 2161 445 2195 eductis
470 2160 574 2205 copiis
589 2162 729 2195 Sisciam
753 2161 858 2206 primo
883 2169 1013 2206 captam
1028 2162 1150 2207 impetu
1165 2161 1299 2195 delevit.
1344 2171 1483 2204 cumque
1499 2161 1571 2194 loca
1587 2172 1669 2205 pro-

229 2212 308 2253 pter
332 2208 459 2240 Savum
479 2206 587 2238 omnia
604 2205 797 2247 invasisset,
821 2207 1060 2251 maximamque
1084 2207 1240 2252 praedam
1263 2205 1409 2249 egisset,
1431 2205 1587 2239 Sirmium
1606 2205 1668 2239 du·

230 2253 303 2296 xit,
325 2263 366 2285 eo
393 2262 526 2295 quoque
551 2250 633 2283 cin-a
654 2261 797 2295 pugnam
818 2252 996 2296 potiturum
1011 2256 1117 2285 semet
1133 2251 1331 2285 existimans.
1378 2250 1439 2284 sed
1464 2251 1526 2284 boc
1546 2256 1667 2284 conatu

230 2299 411 2332 frustratus
434 2294 587 2340 (quippe
603 2300 667 2328 tam
684 2297 726 2329 ab
742 2296 919 2329 incolarum
937 2295 1312 2340 multitudine-repulsus
1328 2295 1390 2328 suit
1404 2307 1502 2339 quam
1519 2306 1540 2328 a
1554 2295 1668 2328 miiiti-

231 2344 306 2384 bus,
323 2341 442 2386 quibus
457 2341 568 2374 datum
585 2341 696 2374 fuerat
711 2340 804 2373 urbis
820 2341 1011 2384 negotium)
1036 2341 1183 2375 Mursam
1199 2340 1362 2373 universis
1377 2351 1450 2373 cum
1466 2340 1571 2385 copiis
1585 2351 1666 2373 con·-

231 2387 345 2422 tendit.
392 2397 464 2419 cum
480 2389 590 2418 autem
605 2385 626 2418 ii
642 2386 697 2428 qui
713 2390 808 2418 erant
823 2385 857 2418 in
875 2387 957 2419 urbe
981 2392 1097 2430 portas
1116 2385 1350 2425 mansissent,
1375 2385 1455 2418 etin
1471 2395 1665 2429 propugna-

229 2434 305 2466 cula
333 2430 587 2474 successissent,
621 2429 830 2473 Magnentius
855 2440 920 2474 quo
946 2436 1042 2475 pacto
1069 2442 1138 2464 rem
1161 2430 1404 2473 aggrederetur
1426 2430 1522 2463 animi
1543 2429 1663 2463 dubius

228 2478 407 2521 haerebat,
455 2475 490 2509 ui
514 2486 621 2520 neque
648 2474 818 2508 machinas
843 2475 926 2508 unas
950 2476 1091 2509 haberet
1106 2487 1167 2509 nee
1183 2475 1247 2508 aiia
1263 2475 1392 2508 ratione
1405 2485 1532 2508 murum
1548 2473 1664 2507 subire

226 2528 353 2567 posset.
393 2522 471 2555 telis
485 2520 568 2554 enim
584 2519 734 2564 saxisque
751 2518 929 2563 petebatur
943 2521 986 2553 ab
1001 2520 1042 2554 iis
1058 2520 1113 2563 qui
1129 2520 1172 2553 de
1187 2520 1293 2564 pinnis
1307 2520 1511 2564 pugnabant.
1548 2518 1661 2552 itidem

225 2569 312 2601 sama
337 2566 515 2601 obsidionis
537 2565 580 2599 sd
596 2564 821 2598 Constantium
845 2565 995 2608 perlata,
1020 2564 1183 2598 universis
1195 2564 1253 2597 ille
1269 2576 1340 2598 cum
1356 2563 1460 2608 copiis
1474 2575 1571 2608 opem
1588 2565 1660 2598 urbi

224 2612 431 2656 periclitanti
455 2612 585 2645 laturus
605 2610 769 2652 accessit,
801 2619 875 2642 cum
899 2614 935 2643 et
960 2609 1098 2643 Cibalim
1123 2614 1158 2643 et
1179 2609 1365 2643 universam
1385 2608 1573 2652 regionem,
1599 2619 1662 2653 per

224 2668 322 2702 quam
337 2658 473 2692 Dravus
486 2655 591 2690 amnis
605 2654 747 2698 labitur,
774 2666 797 2688 a
813 2659 911 2698 tergo
926 2654 1127 2698 reliquisset.

312 2702 367 2737 50.
413 2701 551 2743 Interim
574 2700 805 2746 Magnentius,
827 2698 895 2735 suis
918 2699 1056 2743 Mursae
1075 2699 1213 2745 propius
1235 2698 1398 2742 admotis,
1421 2697 1531 2743 ignem
1552 2696 1660 2744 portis
