1812 3016
249 82 252 85 ·
277 59 377 104 282
902 59 1100 104 zosnul

275 171 385 216 πόλει
408 171 576 216 δέδωκεν
592 170 692 227 ἒβςειν
713 172 895 224 ἐλπίδας,
921 170 976 222 ὥς
998 171 1048 226 δὴ
1070 175 1150 216 τῶν
1168 174 1280 214 θεῶν
1295 168 1449 215 τούτων
1467 169 1632 225 ἔχεσθαι
1653 175 1725 226 τῆς

273 240 372 297 ὑπὲρ
395 241 520 295 αὐτῆς
542 241 602 283 ἀεὶ
624 242 878 295 βουλομένων
900 241 1104 298 προνοίας.
1172 239 1277 284 ἀλλά
1300 244 1427 283 ταῦτα
1446 241 1533 295 με’ν,
1568 238 1646 296 ὅπῃ
1666 243 1724 299 τῷ

275 311 375 367 θείῳ
392 311 518 361 δοκεῖ,
541 307 672 351 πάντα
689 313 854 366 προΐτω.

413 378 492 422 25.
554 376 730 420 Πάντων
754 379 796 419 δὲ
817 374 1157 433 δυσχεραινόντων
1185 375 1248 416 ἐπὶ
1275 378 1326 431 τῇ
1355 378 1427 429 τῆς
1443 372 1596 424 πόλεως
1618 389 1723 428 συμ-

275 449 386 504 φορᾷ
405 446 472 487 καὶ
494 446 625 488 αἰτίαν
648 446 719 487 οὐκ
747 445 871 499 ἄλλην
897 445 925 499 ἢ
944 445 1017 499 τὴν
1035 448 1107 487 τοῦ
1131 442 1222 485 ὄνου
1245 443 1457 498 λεγομένην
1476 442 1592 484 σκιὰν
1614 440 1756 499 dape-5

274 513 448 573 σκόντων
457 545 470 565 ,
517 514 688 569 ἐγίνοντο
715 515 788 567 μὲν
811 513 848 555 οἱ
871 515 959 570 περὶ
981 513 1050 554 τὸν
1068 512 1238 566 βασιλέα
1259 516 1332 565 τῆς
1351 515 1432 552 τῶν
1453 511 1722 567 ἐφθαρμένων

273 580 548 632 ἀνανεώσεως,
583 582 759 636 ἠγγέλθη
781 582 823 623 δὲ
842 588 926 631 τοΐς
947 582 1035 637 περὶ
1055 581 1128 634 τὴν
1148 579 1273 633 αὐλὴν
1292 577 1348 628 ὡς
1366 579 1412 622 τὸ
1434 583 1514 620 τῶν
1528 576 1722 633 Ἲσαύρων

271 653 431 703 πλῆθος
441 681 454 700 ,
495 647 773 706 ὑπερκείμενον
790 650 1045 705 Παμφυλίας
1064 650 1129 690 καὶ
1150 649 1335 696 Κιλικίας
1340 678 1354 698 ,
1389 647 1431 688 ἔν
1449 653 1534 696 τοῖς
1554 644 1722 699 ἀβάτοις

270 722 344 760 τοῦ
365 716 532 773 Ταύρου
562 720 630 760 καὶ
658 715 922 772 τραχυτάτοις
949 716 1080 772 ι’)’ρεσιν
1111 717 1171 757 ἀεὶ
1198 719 1403 768 βιοτεῦοι·,
1451 717 1507 764 εἷς
1534 712 1722 769 τάγματα

271 786 511 839 διανεμηθὲν
532 786 699 842 λῃστικά
721 786 795 839 τὴν
813 783 1071 839 ὑποκειμένην
1089 785 1292 840 ἐπέρχεται
1307 781 1459 839 χώραν,
1494 780 1630 825 πόλεσι
1647 781 1720 834 μὲν
1732 787 1778 822 10

269 856 574 907 τετειχισμέναις
601 851 814 908 προσάγειν
844 851 955 894 οὔπω
980 851 1213 906 δυνάμενοι,
1247 849 1387 904 κώμας
1412 851 1455 892 δὲ
1477 850 1721 903 ἀτειχίστους

270 923 338 963 καὶ
363 919 494 962 πάντα
519 921 571 962 τὰ
600 922 641 964 ἐν
670 923 786 963 ποσὶν
817 921 1037 976 ἐπέτρεχον.
1106 921 1226 961 ἐποίει
1255 920 1299 962 δὲ
1327 918 1470 977 ῥᾳδίας
1490 917 1627 967 αὐτοῖς
1647 917 1721 966 τὰς

271 989 489 1046 ἐπιδρομὰς
510 986 536 1043 ἦ
557 993 822 1045 προλαβοῦσα
838 993 909 1045 τῆς
923 987 1062 1045 χώρας
1080 989 1228 1042 ἐκείνης
1247 986 1420 1037 ἅλωσις,
1457 985 1507 1040 ἣν
1524 983 1550 1040 ἦ
1574 989 1720 1042 Τριβι-

266 1059 404 1113 γίλδου
424 1059 490 1099 καὶ
510 1061 589 1098 τῶν
608 1057 681 1099 σὺν
698 1058 809 1114 αὐτῷ
828 1055 1051 1113 βαρβάρων
1067 1058 1277 1111 πεποίηκεν
1297 1052 1577 1104 ἐπανάστασις.
1624 1051 1720 1095 τού-

267 1143 347 1167 των
366 1125 696 1180 ἀπαγγελθέντων
709 1123 972 1182 Ἀρβαζάκιος
989 1125 1226 1178 ἐκπέμπεται
1246 1122 1468 1180 στρατηγὸς
1487 1120 1543 1172 ὥς
1564 1121 1614 1176 δὴ
1635 1126 1720 1170 τοῖς
1731 1123 1775 1160 1⁵

267 1195 309 1234 ἓν
331 1194 563 1251 Παμφυλίᾳ
584 1191 791 1250 πράγμασι
812 1198 1001 1235 πονοῦσιν
1021 1191 1306 1248 ἐπικουρήσων.
1376 1189 1545 1244 δύναμιν
1573 1189 1616 1231 δὲ
1643 1189 1719 1246 ἀρ-

266 1266 417 1303 κοῦσαν
438 1259 597 1315 λαβών,
646 1263 713 1303 καὶ
731 1261 826 1311 τοὺς
845 1259 1110 1317 λῃστεύοντας
1126 1262 1167 1303 ἓν
1188 1267 1271 1310 τοῖς
1299 1258 1408 1314 ὄρεσι
1436 1255 1720 1314 συμφυγόντας

266 1328 499 1380 ἐπιδιώξας,
535 1327 675 1382 κώμας
697 1346 739 1372 τε
763 1329 895 1370 αὐτῶν
923 1326 1002 1370 εἷλε
1033 1328 1186 1378 πολλὰς
1213 1329 1280 1369 καὶ
1310 1327 1467 1383 ἀνδρῶν
1491 1326 1563 1367 οὐκ
1585 1325 1718 1380 ὀλίγον

266 1397 472 1452 ἀπέσφαξε
495 1401 667 1450 πλῆθος.
734 1393 864 1456 ῥᾷστά
884 1413 925 1438 τε
950 1395 998 1438 ἂν
1021 1397 1151 1438 τέλεον
1172 1394 1387 1452 ἐκράτησεν
1407 1394 1540 1435 αὐτῶν
1561 1394 1627 1435 καὶ
1650 1409 1717 1434 τε-

264 1466 373 1508 λείαν
394 1472 477 1514 τοῖς
498 1466 650 1506 οἳκοῦσι
670 1464 744 1514 τὰς
763 1463 895 1514 πόλεις
921 1463 1146 1520 ἀσφάλειαν
1169 1465 1412 1517 ἐνεποίησεν,
1447 1464 1483 1504 εἲ
1501 1461 1559 1515 μὴ
1581 1463 1774 1516 τρυφῇέῦ

264 1535 331 1575 καὶ
353 1531 517 1582 ἀτόποις
537 1534 756 1588 ἐγκείμενος
777 1531 941 1588 ἡδοναῖς
964 1530 1134 1586 ἐχάλασε
1161 1532 1234 1587 μὲν
1255 1530 1356 1572 πολὺ
1384 1534 1457 1583 τῆς
1486 1527 1716 1586 σφοδρότη-

262 1617 356 1652 τος,
406 1599 591 1658 χρήμασι
621 1601 666 1643 δὲ
693 1600 767 1651 τὰς
793 1607 933 1658 χεῖρας
964 1598 1151 1655 ὑποσχὼν
1180 1604 1253 1654 τῆς
1282 1603 1417 1653 κοινῆς
1445 1597 1638 1654 ὠφελείας
1669 1595 1715 1638 τὸ

353 1730 378 1764 2
400 1727 634 1774 βουλομένων
656 1730 712 1772 R,
750 1741 822 1763 cum
845 1729 1018 1772 legeretur
1041 1725 1327 1772 βουλευομένων.
1462 1728 1485 1762 6
1509 1726 1650 1770 εἴχοντο
1676 1727 1713 1761 S.

354 1777 376 1809 8
399 1787 461 1819 pro
484 1776 631 1818 πλῆθος
653 1787 718 1808 non
741 1776 849 1808 minus
874 1780 954 1819 apte
976 1774 1098 1818 legeris
1123 1771 1245 1811 ἔθνος.
1269 1774 1308 1807 S.
1385 1772 1427 1808 15
1450 1772 1664 1806 Marcellinus
1679 1771 1715 1805 in

356 1821 479 1854 Chron.
505 1821 753 1864 Nar-boza'z’cus,
776 1820 936 1854 Iordanes
961 1820 1142 1855 Arbazius.
1191 1818 1312 1854 Suidas
1333 1829 1370 1855 v.
1390 1814 1620 1863 Ἀρβαζᾶκιος
1642 1817 1714 1852 eius

354 1865 497 1909 elogium
521 1877 564 1900 ex
587 1866 744 1912 Eunapio
766 1866 914 1911 repetiit.
958 1866 1003 1900 R.

261 1980 394 2024 perent,
418 1977 514 2021 quasi
528 1977 654 2011 scilicet
669 1978 703 2011 hi
718 1977 764 2012 dii
779 1980 970 2012 statuerent
985 1988 1058 2011 eam
1072 1987 1202 2022 semper
1215 1986 1276 2010 sua
1292 1973 1506 2021 providentia
1523 1973 1712 2020 complecfi.

261 2024 320 2058 sed
335 2024 419 2056 haec
435 2023 564 2067 quidem
582 2023 703 2067 omnia,
726 2029 829 2069 prout
843 2023 965 2057 numini
979 2023 1086 2058 visum
1100 2022 1214 2063 fuerit,
1235 2022 1283 2055 ita
1299 2021 1467 2054 eveniant.

351 2068 406 2102 25.
454 2068 630 2101 Universis
645 2074 754 2102 autem
770 2069 971 2114 permoleste
987 2079 1099 2103 casum
1114 2067 1207 2101 urbis
1223 2066 1418 2109 ferentibus,
1435 2077 1499 2098 nec
1515 2063 1612 2098 aliam
1630 2075 1713 2098 cau-

261 2125 333 2148 sam
349 2113 420 2147 eius
435 2124 533 2157 quam
551 2112 645 2153 asini,
671 2115 761 2157 quod
777 2114 898 2148 dicitur
911 2141 921 2157 ,
945 2115 1094 2148 umbram
1107 2112 1365 2152 invenientibus,
1388 2111 1571 2144 familiares
1586 2109 1712 2154 princi-

261 2159 314 2204 pis
341 2159 383 2191 de
404 2158 547 2191 vastatis
570 2158 732 2192 aedificiis
756 2159 980 2193 instaurandis
1005 2159 1207 2202 cogitabant.
1253 2156 1315 2190 sed
1334 2156 1454 2190 allatus
1473 2161 1527 2190 est
1550 2155 1711 2199 palatinis

259 2204 407 2246 nuntius,
430 2214 582 2247 magnam
598 2203 788 2237 Isaurorum
806 2204 1060 2246 multitudinem,
1077 2215 1164 2248 quae
1178 2213 1281 2247 supra
1294 2201 1524 2246 Pamphyliam
1540 2200 1711 2234 Ciliciam-

260 2260 326 2294 que
341 2249 453 2294 posita
467 2259 598 2292 semper
613 2248 646 2281 in
661 2250 852 2293 asperrimis
868 2255 902 2283 et
916 2249 1097 2283 inaccessis
1113 2248 1220 2281 Tauri
1236 2247 1402 2280 montibus
1420 2246 1526 2290 degit,
1548 2245 1583 2280 in
1601 2246 1708 2279 latro-

259 2306 335 2328 num
359 2293 542 2339 manipulos
565 2293 703 2326 divisam
730 2294 900 2338 regionem
927 2295 1111 2328 subiectam
1134 2293 1305 2327 invadere.
1351 2303 1392 2325 ac
1418 2291 1542 2337 oppida
1572 2291 1708 2336 quidem

262 2340 390 2373 munita
403 2344 536 2372 tentare
550 2350 617 2372 non
632 2343 802 2382 poterant,
818 2339 912 2373 vicos
927 2344 1037 2373 autem
1053 2338 1225 2373 moenibus
1238 2337 1420 2371 destitutos
1436 2342 1471 2370 et
1485 2336 1586 2370 obvia
1601 2347 1709 2380 quae-

262 2386 317 2418 vis
331 2385 486 2419 irruendo
501 2385 688 2426 vexabant3
713 2395 798 2428 quos
812 2385 962 2418 incursus
977 2385 1012 2418 id
1024 2384 1109 2429 ipsis
1123 2383 1288 2418 faciliores
1301 2382 1477 2424 reddebat,
1496 2381 1587 2427 quod
1601 2381 1707 2415 istaec

261 2431 355 2473 regio
371 2430 470 2475 paulo
486 2434 565 2463 ante
578 2429 698 2463 fuis-et
711 2430 754 2462 ab
770 2429 921 2463 hostibus
937 2435 1055 2475 capta,
1089 2428 1277 2472 Tribigildo
1302 2439 1376 2461 cum
1399 2427 1553 2462 barbaris
1566 2426 1636 2460 suis
1650 2437 1708 2460 re·

262 2476 438 2509 bellionem
453 2475 578 2509 molito.
623 2473 674 2508 his
698 2474 856 2508 nuntiatis
875 2475 1079 2508 Arbazacius
1103 2474 1170 2507 dux
1196 2472 1339 2507 mittitur
1349 2498 1359 2515 ,
1393 2473 1451 2518 qui
1476 2470 1706 2506 laborantibus

263 2521 484 2566 Pamphyliae
496 2521 598 2554 rebus
612 2525 833 2554 succurreret.
878 2519 908 2553 is
934 2520 991 2553 ubi
1016 2519 1132 2565 copias
1155 2519 1295 2553 idoneas
1308 2519 1494 2563 accepisset
1508 2522 1543 2551 ct
1556 2517 1706 2562 latrones

262 2568 343 2609 fuga
362 2567 510 2610 dilapsos
526 2566 616 2599 intra
632 2571 760 2599 montes
775 2570 971 2611 persecutus
989 2565 1122 2606 suisset,
1158 2564 1344 2608 complures
1369 2574 1482 2597 eorum
1500 2562 1599 2596 villas
1614 2561 1706 2607 cepit

263 2611 458 2644 et·virorum
474 2610 712 2645 multitudinem
727 2622 794 2651 non
810 2609 961 2653 exiguam
977 2609 1167 2651 interfecit3
1201 2609 1355 2652 adeoque
1370 2619 1505 2654 prorsus
1519 2618 1577 2640 eos
1591 2607 1624 2640 in
1640 2618 1704 2653 po-

261 2661 419 2690 testatem
429 2657 583 2690 facillime
593 2656 789 2700 redegisset,
807 2661 842 2699 et
856 2655 971 2688 incolis
987 2654 1182 2698 oppidorum
1198 2655 1412 2688 securitatem
1427 2653 1567 2687 solidam
1584 2663 1704 2698 paras-

262 2707 327 2745 set,
351 2703 414 2736 nisi
430 2702 556 2737 deliciis
576 2707 611 2736 ct
624 2701 732 2736 foedis
745 2701 973 2748 voluptatibus
988 2700 1122 2735 deditus
1134 2699 1271 2735 multum
1286 2700 1331 2734 dc
1344 2699 1464 2744 vigore
1478 2709 1540 2734 suo
1556 2696 1704 2732 remisis-
