1812 3016
417 107 856 153 COMMENTARIUS
883 109 1231 155 HISTORICUS.
1449 111 1545 157 359

104 212 296 254 oedehnt
310 216 464 265 locum,
493 219 563 270 qui
580 231 660 256 non
676 219 781 257 binis
798 218 918 257 modo
936 220 1158 270 legionibus
1177 218 1248 258 sed
1266 219 1444 270 pluribus
1465 221 1543 259 im-

103 278 285 323 perarent
313 273 474 324 (Veget.
496 276 523 314 2
549 273 604 325 9)
633 281 718 312 tum
736 274 954 314 ordinando
971 277 1089 313 militi
1107 283 1191 314 tum
1210 275 1424 326 puniendo.
1471 277 1543 314 ab·

104 334 241 378 rogato
264 329 472 379 praefectis
500 337 626 380 praet.
657 332 821 382 imperio
850 333 1031 379 militari,
1070 339 1241 383 potestas
1267 334 1543 382 magistrorum

103 384 276 421 militum
304 391 417 422 aucta
447 392 526 433 est,
556 393 596 423 et
626 387 698 424 sub
727 386 953 425 Theodosio
975 390 1096 425 creati
1117 395 1207 425 sunt
1229 401 1393 426 numero
1417 390 1541 440 quini,

103 438 213 491 quod
231 439 406 479 barbaris
423 440 598 494 undique
617 443 853 482 irruentibus
873 442 980 481 haud
999 457 1136 495 parem
1156 457 1199 482 se
1222 445 1434 494 imperator
1456 457 1541 483 esse

102 493 274 533 videbat.
331 497 383 534 cs.
405 499 526 535 Notit.
549 499 644 548 imp.
664 511 706 549 p.
731 499 806 541 104
835 501 874 540 8.

212 564 252 602 p.
279 554 358 594 100
377 566 416 590 v.
441 556 478 593 1.
535 554 768 591 tributorum
799 554 1079 592 solvendorum
1107 566 1209 605 quae
1239 555 1356 592 fuerit
1389 557 1487 593 ratio
1516 568 1539 593 a

101 607 317 645 Iustiniana
348 609 547 657 instituta,
584 622 672 647 eam
700 612 740 647 in
774 611 939 648 Novella
972 612 1051 653 128
1081 612 1301 661 expositam
1332 609 1539 650 habemus.

101 663 371 714 postulabatur
396 677 419 701 a
446 667 656 715 provinciis
681 668 845 717 siugulis
873 679 1047 704 annuum
1072 667 1283 714 tributum,
1313 680 1391 719 quo
1414 669 1541 704 conti-

100 718 268 757 uebatur
290 726 445 770 praeter
462 721 570 758 foeni
589 723 838 760 collationem
855 724 1180 775 quinquagesima
1202 725 1318 760 tritici
1330 751 1340 771 ,
1370 722 1543 774 quadra-

100 776 253 825 gesima
282 773 439 824 hordei,
469 783 508 814 et
533 778 615 814 vini
639 778 819 830 lardique
843 781 1048 825 vicesima3
1079 791 1194 829 porro
1220 780 1398 829 singulae
1426 778 1538 816 chla-

100 829 241 882 mydes
270 832 314 868 iu
341 834 482 883 viginti
514 840 581 870 aut
606 835 766 884 triginta
793 836 951 885 iugera,
987 836 1065 872 nisi
1089 847 1252 872 aureum
1276 847 1347 886 pro
1371 836 1538 885 singulis

97 887 273 924 vestibus
305 886 399 925 dare
429 889 597 939 vellent3
631 889 774 927 deinde
805 889 951 928 indicta
982 902 1135 927 summa
1165 891 1264 927 auri.
1321 892 1362 927 in
1396 889 1540 928 horum

100 941 300 980 redituum
330 944 579 995 publicorum
616 958 779 984 numero
818 954 908 985 sunt
949 948 1069 984 etiam
1108 947 1291 997 capitatio
1331 947 1540 997 vectigalia

98 1000 271 1050 portoria
296 1000 461 1037 salinae.

210 1053 264 1092 ih.
279 1068 318 1092 v.
337 1056 400 1095 15.
429 1057 695 1095 Diocletianus
714 1070 941 1110 quanquam
954 1071 1035 1096 nou
1050 1058 1200 1108 primus
1219 1057 1293 1094 fuit
1312 1057 1380 1108 qui
1402 1056 1539 1095 finium

99 1109 256 1161 imperii
280 1109 467 1149 adversus
489 1112 663 1151 hostimn
679 1115 919 1152 incursiones
938 1113 1190 1151 tutandorum
1212 1114 1382 1150 castellis
1404 1114 1538 1150 muni-

98 1168 323 1219 mentisque
341 1179 475 1205 curam
490 1167 670 1218 haberet,
701 1183 790 1206 eam
807 1178 939 1208 tamen
956 1169 1537 1221 superioribusjmpemtoribus

98 1223 351 1260 intentiorem
379 1222 604 1269 adhibuisse
626 1232 666 1262 et
685 1227 793 1263 omni
815 1227 951 1263 finium
971 1227 1072 1277 parti
1088 1227 1336 1276 prospexisse
1357 1223 1535 1272 videtur;

97 1276 142 1314 id
173 1277 281 1330 quod
313 1278 476 1329 Sulcius,
515 1281 680 1319 fortasse
705 1294 757 1319 ex
780 1283 950 1333 Eunapii
979 1283 1230 1328 auctoritate,
1268 1282 1362 1318 satis
1393 1279 1536 1318 diserte

97 1331 221 1382 dixit,
250 1347 339 1373 voc.
358 1332 535 1387 &exortui-i
561 1336 584 1378 ὅ
608 1335 892 1388 Διοκλητιανός
918 1334 1037 1390 λόγον
1063 1333 1302 1388 ποιούμενος
1327 1338 1406 1376 τῶν
1434 1351 1536 1387 noa·

96 1386 279 1443 γμᾶων,
306 1386 426 1445 ᾠήθη
454 1394 540 1432 δεῖν
565 1392 634 1433 καὶ
660 1390 876 1445 δυνάμεσιν
902 1390 1137 1443 ἄρκοῦσαις,
1167 1390 1333 1443 ἑκάστην
1355 1389 1536 1443 ἐσχατιάν

96 1441 292 1498 ὅχυρόσαι
318 1446 385 1487 καὶ
410 1446 587 1501 φρούρια
613 1452 791 1502 ποιῆσαι.
849 1451 901 1488 cf.
926 1451 1111 1488 Eumenii
1133 1451 1282 1500 Paneg.
1299 1461 1370 1500 pro
1389 1446 1535 1486 scholis

95 1500 392 1552 Augustuduni,
421 1505 493 1542 sub
514 1506 646 1542 finem.

206 1557 263 1595 ib.
286 1571 326 1596 v.
344 1561 412 1599 21.
469 1562 511 1597 in
536 1562 743 1612 propatulo
774 1568 833 1598 est
859 1561 1009 1598 Zosimi
1034 1561 1269 1598 sententiam
1293 1572 1400 1606 esse,
1428 1559 1534 1610 Cou-

96 1615 311 1651 staminum
325 1627 405 1651 non
421 1629 558 1654 omnes
573 1618 733 1653 omnino
752 1618 884 1667 copias
901 1618 1137 1663 limitaneas,
1164 1614 1235 1652 sed
1250 1622 1400 1663 partem
1415 1613 1535 1651 modo

97 1682 232 1706 earum
251 1682 275 1706 a
292 1671 486 1709 limitibus
503 1671 737 1718 abduxisse3
763 1685 882 1723 quare
899 1673 1025 1722 iniqui
1043 1678 1133 1708 sunt
1150 1672 1232 1722 qui,
1251 1669 1358 1720 quod
1373 1668 1534 1706 aliunde

97 1725 195 1762 fines
222 1727 378 1776 imperii
402 1740 481 1764 non
509 1730 619 1765 omni
638 1727 832 1778 praesidio
850 1729 1023 1764 militum
1042 1727 1163 1764 fuisse
1183 1724 1348 1762 nudatos
1369 1731 1533 1772 constat,

95 1782 256 1818 Zosimo
283 1782 397 1832 quasi
423 1782 569 1820 dicenti
596 1786 832 1820 contrarium
857 1782 1043 1833 derogare
1073 1781 1192 1819 fidem
1216 1779 1374 1817 audent.
1430 1779 1532 1816 illud
1548 1800 1556 1809 .

95 1849 205 1878 veros
224 1839 367 1874 rectius
395 1846 577 1887 monent,
616 1852 697 1876 nou
727 1852 887 1877 omnem
916 1840 1168 1876 Constantino
1195 1838 1369 1875 limitum
1398 1849 1531 1872 curam

96 1893 304 1941 omissam,
333 1893 405 1931 sed
432 1896 609 1946 pluribus
634 1896 682 1932 ab
710 1909 757 1932 eo
784 1896 881 1932 locis
906 1901 1030 1932 castra
1047 1896 1173 1944 posita
1193 1893 1330 1930 fuisse.
1385 1893 1531 1930 Victor.

97 1949 208 1986 Caes.
228 1949 296 1997 41,
324 1950 488 2002 Procop.
509 1950 557 1988 de
577 1950 664 1988 aed.
683 1955 710 1992 7
738 1950 780 1991 4.
836 1953 1015 2002 quamvis
1033 1957 1165 1987 autem
1183 1949 1321 1985 finium
1336 1947 1531 1998 praesidio

74 2005 284 2042 „institutis
311 2006 361 2042 iis
387 2009 587 2058 provisum
617 2009 688 2054 sit,
719 2020 799 2044 nou
827 2006 916 2044 ideo
940 2007 1040 2044 falsa
1062 2013 1154 2044 sunt
1176 2018 1276 2057 quae
1298 2003 1347 2041 de
1368 2005 1488 2054 copiis
1508 2015 1531 2039 a

97 2060 288 2098 limitibus
325 2060 536 2113 deportatis
571 2065 753 2100 Zosimus
793 2064 967 2114 scripsit3
1010 2075 1131 2114 quare
1155 2074 1229 2098 neo
1256 2073 1354 2111 opus
1381 2062 1454 2096 erit
1479 2057 1530 2094 ad

96 2115 328 2153 firmandam
354 2118 475 2156 fidem
505 2121 588 2156 eius
615 2132 919 2156 commemorare
945 2131 1045 2170 quae
1072 2131 1124 2155 ex
1148 2120 1356 2167 Anonymo
1386 2115 1529 2152 valesii

96 2165 361 2222 spaniae-'mins
390 2174 468 2225 (ad
486 2176 682 2212 Iulianum
697 2189 738 2226 p.
755 2174 836 2225 63)
866 2174 998 2223 affert,
1028 2172 1198 2222 Gothos,
1228 2185 1318 2209 cnm
1338 2173 1528 2208 Constan-

97 2227 203 2264 tinus
223 2227 530 2268 Thessalonicae
554 2238 674 2278 esset,
703 2244 775 2282 per
800 2231 993 2282 neglectos
1021 2231 1164 2267 limites
1193 2230 1364 2278 erupisse
1396 2233 1433 2262 et
1457 2237 1528 2261 va·
1583 2266 1585 2268 ,

97 2289 197 2320 stata
219 2282 390 2323 Thracia
410 2300 456 2323 ac
478 2289 625 2324 Moesia
646 2285 812 2337 praedas
835 2300 949 2337 agere
974 2289 1161 2338 coepisse.
1216 2297 1344 2335 neque
1374 2280 1416 2317 id
1444 2287 1528 2316 tam

97 2339 341 2378 Constantini
370 2344 492 2393 ipsius
521 2344 670 2380 incuria
701 2356 820 2395 quam
842 2344 1016 2380 militum
1035 2341 1212 2380 socordia
1233 2347 1272 2376 et
1289 2338 1445 2388 ignavia
1466 2335 1528 2399 fa-

97 2401 205 2431 ctum
231 2395 406 2445 videtur,
435 2401 527 2450 quia
552 2402 637 2450 ipse
665 2400 877 2449 imperator
895 2400 984 2450 lege
1011 2399 1070 2450 (l.
1094 2401 1113 2438 1
1138 2412 1172 2434 c.
1192 2395 1271 2433 Th.
1295 2394 1343 2430 de
1364 2406 1403 2428 re
1419 2391 1528 2428 mih-

97 2449 197 2500 tari)
223 2452 272 2489 iis
298 2454 510 2503 militibus,
540 2457 608 2507 qui
633 2455 862 2492 facultatem
878 2456 1052 2492 barbaris
1073 2450 1384 2504 depraedationis
1405 2446 1528 2483 dede-

98 2507 200 2554 rint,
229 2509 413 2559 snpplicii
438 2512 657 2562 periculum
683 2513 885 2550 minitatus
911 2518 984 2549 est.
1041 2510 1209 2547 castellis
1231 2505 1415 2542 adversus
1437 2503 1529 2538 bar-

98 2561 283 2600 barorum
298 2565 340 2601 iu
356 2564 453 2604 fines
474 2570 670 2605 Romanos
693 2570 862 2619 imPetus
881 2565 1128 2605 exstruendis
1151 2571 1189 2601 et
1208 2559 1407 2598 firmandis
1431 2571 1527 2607 ope-

100 2629 184 2653 ram
203 2617 296 2656 dare
314 2623 442 2671 potuit
457 2625 690 2674 imperator,
719 2631 758 2661 et
781 2623 1038 2662 nihilominus
1061 2621 1263 2671 deportare
1283 2615 1374 2654 inde
1395 2615 1528 2664 copia-

101 2685 187 2708 rum
204 2682 354 2724 partem
372 2679 414 2714 iu
430 2681 610 2730 regiones
626 2679 931 2718 mediterraneas
948 2687 1063 2730 atque
1078 2690 1149 2727 per
1162 2676 1277 2712 urbes
1292 2672 1528 2722 dispergere.

100 2729 231 2778 copias
251 2730 437 2772 abductas
455 2735 577 2774 fuisse
595 2735 787 2787 palatinas
809 2736 922 2774 docet
942 2732 1155 2773 Godofred.
1172 2733 1303 2769 Parat.
1324 2742 1358 2766 c.
1379 2726 1460 2765 Th.
1479 2725 1528 2763 de
