1812 3016
398 118 840 164 COMMENTARIUS
870 117 1217 163 msTORICUS.
1435 117 1532 164 355

97 229 181 268 iam
198 224 399 281 superiore
422 229 505 270 325
534 229 811 267 Constantinus
836 218 954 267 rebus
974 223 1285 267 Christianorum
1308 225 1536 266 ordinandis

98 287 281 338 inprimis
310 285 353 322 in
385 286 551 323 condlio
571 286 778 323 Nicaeensi
801 297 963 336 operam
988 283 1155 322 dederit.
1211 283 1391 322 concidet
1417 285 1538 335 igitur

100 349 171 380 ant
198 341 399 379 vacillabit
432 340 530 379 fides
555 355 692 379 eorum
715 354 817 394 quae
835 342 1019 379 Zosimus
1034 339 1111 378 hoc
1130 341 1219 378 loco
1238 339 1422 387 tradidit,
1459 340 1539 377 nisi

101 410 151 436 οι
173 398 228 435 ita
262 399 387 448 accipi
412 404 452 434 et
476 398 666 448 explicari
690 398 882 445 velimus,
923 404 968 434 ut
988 403 1205 435 statuamus
1226 397 1540 444 Constantinum,

100 452 334 492 iamdudum
365 453 415 491 ab
442 453 575 505 aliquo
593 452 814 492 Christiano
844 451 896 490 ad
916 453 1042 504 ipsius
1061 453 1294 503 religionem
1312 453 1540 503 pellectum,

102 510 171 547 ubi
186 511 418 548 necessariis
432 511 581 546 necatis
602 511 756 547 animus
775 511 859 547 eius
881 510 1191 557 excruciantur,
1221 510 1333 562 quasi
1352 507 1538 559 despera-

101 566 152 604 tis
169 566 308 614 rebus,
349 566 608 603 conscientiae
634 563 832 604 doloribus
854 564 1039 603 sedandis
1057 571 1174 616 opem
1197 577 1220 601 a
1246 566 1381 615 patriis
1401 564 1540 601 ritibus

101 623 276 673 petiisse,
303 634 374 672 spe
392 621 635 659 lustrationis
656 628 789 659 autem
811 620 1087 672 adipiscendae
1103 620 1333 659 destitutum
1348 618 1540 658 Christia-

102 690 243 716 norum
258 675 353 715 fidei
368 683 496 714 totum
512 690 555 714 se
572 679 613 714 in
634 684 835 728 posterum
853 676 1066 715 dedidisse.

212 735 420 785 Utcunque
442 740 575 770 autem
593 747 636 770 se
656 732 775 771 habet
795 735 966 771 narratio
985 746 1044 781 ea,
1065 733 1149 771 sive
1171 745 1300 769 errore
1319 731 1440 769 animi
1458 737 1542 769 orta

103 790 187 828 sive
211 789 408 827 calumnia
435 792 555 826 etiam
583 790 768 838 conficta,
807 803 878 842 pro
901 796 1123 827 commento
1141 796 1274 826 tamen
1294 789 1443 825 Zosimi
1462 801 1543 824 non

102 843 287 884 habenda
304 852 400 882 erat.
429 846 622 882 increbuit
637 847 744 882 enim
760 858 819 893 ea,
838 852 882 882 ut
897 858 948 882 ex
958 846 1168 883 Sozomeni
1179 845 1266 881 loco
1282 842 1455 895 quodam
1467 842 1546 880 huc

102 900 397 939 transcribendo
424 900 611 938 discimus
637 903 739 938 inter
761 900 941 938 homines
969 901 1171 951 gentiles
1158 912 1240 937 iam
1266 907 1356 936 ante
1375 906 1544 936 aetatem

102 958 272 1005 Zosimi,
325 954 401 997 οὖα
422 952 555 1009 dyved
573 956 617 996 δέ
634 958 673 1007 (
662 960 790 1010 inquit
808 958 1051 995 Sozomenus
1075 959 1094 996 1
1126 955 1180 1006 3)
1205 953 1261 1002 οἷς
1273 951 1464 1006 Ἕλληνες
1482 953 1545 995 λέ-

102 1026 218 1079 γουσι
236 1016 543 1053 Κονσταντῖνον
567 1008 755 1054 α’νελόντα
779 1011 892 1061 τινας
913 1015 995 1053 τῶν
1016 1009 1212 1079 ἐγγυτάτω
1230 1010 1370 1064 γένους
1384 1009 1451 1051 καὶ
1471 1015 1549 1050 θα.

102 1065 213 1123 νᾶτφ
243 1069 428 1120 Κρίσπον
455 1071 529 1108 τοῦ
557 1068 703 1110 ἑαυτοῦ
730 1066 874 1117 παιδός
906 1067 1191 1122 συμπράξαντα
1225 1069 1550 1137 μεταμεληθῆναι

104 1141 175 1165 zm
210 1125 301 1177 περὶ
340 1126 557 1177 καθαρμοῦ
590 1122 867 1166 κοινόσασθαι
898 1123 1103 1179 &advoco
1132 1127 1187 1179 τῷ
1216 1122 1422 1191 φιλοσόφω
1457 1119 1550 1162 κατ’

103 1180 234 1223 Ξκεῖνο
260 1183 407 1232 καιροῦ
430 1183 648 1233 προεστῶτι
667 1197 740 1231 της
762 1182 967 1221 Πλωτίνου
985 1182 1190 1232 διαδοχῆς,
1229 1176 1301 1220 τὸν
1321 1176 1365 1218 δὲ
1386 1164 1549 1247 duomi-

103 1241 257 1278 νασθαι
276 1235 428 1289 μηδένα
442 1234 656 1288 καθαρμόν
677 1234 780 1278 εἶναι
796 1253 880 1277 των
898 1235 1092 1303 τοιούτων
1111 1231 1415 1288 ἇμαρτημᾶτων,
1445 1231 1548 1286 οἴδη-

105 1295 308 1346 μονοῦντα
334 1290 380 1332 δὲ
405 1290 477 1333 τόν
506 1291 668 1344 βασιλέα
694 1293 760 1334 ἔπι
783 1296 835 1348 τῇ
860 1288 1122 1345 ἅπαγορεῦσει
1146 1295 1373 1359 περιτυχεῖν
1396 1289 1550 1332 ἐπισκό-

104 1364 218 1397 ποις,
257 1349 300 1389 οἳ
316 1349 506 1403 pet-vota
528 1347 597 1393 zm
622 1349 862 1414 βαπτίσματι
887 1347 1104 1400 υπὲσχοντο
1124 1344 1258 1399 πάσης
1281 1343 1403 1387 αὐτὸν
1424 1345 1548 1398 ἆμαρ-

103 1406 193 1453 clm,-
214 1405 449 1455 καθαίρειν,
494 1402 680 1456 ησθῆναί
714 1421 757 1446 τε
783 1419 942 1452 τουτοις
967 1402 1067 1444 xuni
1095 1400 1248 1445 σκοπὸν
1276 1397 1454 1454 εἰρηκόσι
1479 1401 1550 1442 καὶ

103 1457 315 1512 θαυμασαι
338 1458 383 1501 tei
403 1457 532 1528 δόγμα
550 1460 617 1500 καὶ
638 1458 879 1513 Χριστιανόν
898 1459 1087 1512 γενέσθαι
1103 1460 1171 1501 καὶ
1191 1474 1287 1507 τους
1310 1455 1551 1509 ἐρχομένους

103 1516 170 1558 ἔπι
190 1519 306 1557 τοῦτο
324 1511 501 1569 α’γαγεῖν.
557 1518 598 1554 in
628 1518 860 1555 Caesaribus
890 1517 1033 1554 Iuliani
1062 1518 1173 1554 locus
1204 1522 1263 1553 est
1291 1515 1421 1552 simile
1450 1513 1548 1566 quid

105 1572 304 1621 indicans,
332 1572 374 1609 in
394 1585 472 1641 quo
492 1573 770 1612 Constantinus
789 1573 840 1610 ad
858 1574 1076 1610 Luxuriem
1097 1572 1270 1619 ducitur,
1306 1571 1376 1609 ἰ’να
1391 1568 1459 1609 καὶ
1477 1567 1548 1609 τᾶν

104 1626 196 1669 υἱὸν
232 1626 371 1694 εὗρόν
396 1625 741 1679 αναστρεφόμενον
771 1629 839 1669 και
875 1640 1221 1698 προσμγορευοντα
1256 1628 1381 1665 πᾶσιν
1417 1621 1551 1672 “berig

105 1680 309 1735 φθορευς,
347 1697 454 1731 οστις
472 1682 703 1751 μιαιφόνος,
739 1697 847 1732 οστις
864 1680 1009 1749 ἕναγης
1024 1699 1092 1723 και
1110 1678 1320 1750 βδελυρός-ξ
1358 1681 1427 1719 ἴτω
1443 1685 1550 1732 θαρ-

106 1742 210 1806 pair·
238 1736 438 1790 α’ποφανω
470 1736 544 1791 γοῖρ
571 1735 694 1779 αὗτόν
718 1738 846 1805 τούτοι
875 1742 931 1793 τῷ
953 1736 1071 1778 Scan
1092 1736 1240 1785 λούσας
1259 1732 1404 1776 αυτίκα
1422 1739 1552 1775 καθα·

106 1811 195 1848 ρον-
249 1811 328 1835 παν
360 1792 484 1834 παλιν
514 1795 650 1846 ἔνοχος
682 1799 766 1842 τοῖς
792 1791 931 1842 αὐτοῖς
958 1793 1137 1847 γένηται,
1182 1790 1299 1834 δωσω
1325 1789 1371 1833 τὸ
1398 1794 1551 1842 στῆθος

105 1850 297 1903 πλήξαντι
326 1866 395 1890 xm
420 1865 496 1902 την
520 1848 701 1902 κεφαλήν
724 1849 942 1899 πατάξαντι
955 1852 1123 1905 καθαρῷ
1137 1843 1353 1902 γενέσθαι”
1371 1847 1452 1900 (cf.
1468 1849 1550 1885 Zo-

105 1909 198 1946 sim.
222 1906 250 1947 4
277 1905 375 1957 59).
433 1905 532 1943 haec
561 1914 693 1944 autem
719 1920 772 1943 ex
798 1907 958 1944 Zosimo
982 1914 1140 1958 sumpta
1158 1919 1243 1944 esse
1258 1909 1462 1956 nequeunt
1482 1910 1550 1940 ut-

106 1970 199 2016 pote
218 1964 405 2014 scriptore
421 1963 547 1999 multo
567 1964 734 1999 seriore:
763 1961 970 2000 intercedit
992 1964 1111 1999 etiam
1131 1961 1336 1999 diversitas
1353 1960 1549 1996 narratio-

106 2021 184 2057 nIs.
238 2020 421 2056 Zosimus
442 2017 604 2070 quidem
619 2019 796 2056 flamines
814 2018 941 2056 aditos
958 2019 1202 2056 lustrationis
1222 2029 1337 2055 causa
1358 2023 1397 2052 et
1412 2018 1549 2065 Aegy-

106 2076 235 2127 ptium
258 2073 458 2127 quendam
484 2075 712 2125 imperatori
740 2076 940 2126 religionis
963 2087 1089 2112 novae
1116 2071 1393 2111 adsciscendae
1413 2077 1550 2108 aucto-

108 2144 194 2168 rem
211 2132 409 2168 exstitisse
426 2131 560 2168 scn‘bit
575 2160 586 2178 ,
622 2131 865 2169 Sozomenus
885 2143 977 2168 vero
999 2132 1201 2181 episcopos
1223 2130 1402 2167 nominat
1421 2134 1460 2163 et
1477 2139 1549 2177 pro

107 2187 334 2237 flaminibus
353 2187 565 2237 Sopatrum
581 2184 877 2237 philosophum.
918 2187 1052 2238 itaque
1072 2188 1114 2222 in
1132 2187 1337 2223 Zosimum
1356 2182 1454 2220 haec
1471 2187 1551 2218 una

109 2240 363 2293 reprehensio
390 2242 514 2290 cadit,
554 2241 662 2294 quod
697 2256 782 2279 rem
824 2256 904 2280 non
934 2244 1029 2280 satis
1054 2241 1264 2293 diligenter
1291 2239 1551 2290 exploratam,

111 2300 293 2350 quamvis
308 2300 438 2349 specie
454 2311 589 2335 veram
605 2310 676 2349 pro
696 2311 788 2335 vera
805 2300 975 2350 repetiit.

220 2367 262 2404 p.
283 2355 338 2394 95
354 2357 483 2395 v.13.
539 2355 580 2390 in
599 2355 731 2391 animo
750 2353 896 2392 habere
912 2353 1069 2392 videtur
1083 2352 1199 2392 ludos
1218 2350 1552 2402 Capitolinos,m
1508 2347 1552 2383 in

112 2409 256 2461 quibus
272 2410 421 2459 triplex
441 2417 638 2447 certamen
656 2417 751 2456 erat,
779 2412 976 2448 musicum
990 2417 1169 2462 equestre
1191 2408 1433 2460 gymnicum

222 2464 277 2501 ib.
302 2477 342 2502 v-
362 2466 428 2504 17.
484 2473 658 2502 mutatae
678 2465 783 2503 sedis
800 2479 936 2504 causas
952 2466 1124 2518 produnt
1138 2467 1344 2515 scriptores
1362 2459 1551 2506 diversas,
1592 2476 1600 2486 v

111 2521 321 2572 plerasque
338 2521 629 2571 improbabiles,
658 2523 782 2559 veluti
800 2523 899 2560 caeli
917 2524 1084 2560 salubris
1104 2519 1356 2564 desiderium,
1379 2514 1553 2552 delecta-

114 2577 232 2614 tionis
258 2575 456 2623 studium,
499 2578 648 2614 oraculi
675 2576 1005 2627 admonitionem,
1048 2585 1115 2614 aut
1140 2575 1421 2618 ambitionem,
1451 2582 1554 2622 quae

114 2631 277 2669 fortasse
294 2633 500 2670 ven‘ssima
515 2640 597 2670 est:
626 2645 747 2685 quam
763 2641 895 2671 antem
909 2636 995 2685 ipse
1012 2645 1171 2671 causam
1189 2631 1296 2667 urbis
1312 2636 1438 2665 novae
1457 2639 1553 2663 con-

116 2686 267 2724 dendae
286 2688 361 2725 sibi
380 2689 504 2726 fuisse
526 2689 647 2726 refert
669 2688 723 2739 (l.
742 2692 769 2730 7
794 2689 843 2727 de
863 2690 1078 2727 navicular.
1098 2702 1132 2724 c.
1154 2684 1312 2725 Theod.
1320 2684 1363 2735 ),
1392 2682 1500 2720 deo’
1486 2694 1552 2718 ιιι-

0 2786 2 2791 ,
46 2804 49 2805 ⁷
115 2742 233 2780 bente
257 2742 301 2780 id
324 2743 496 2793 factum,
536 2757 583 2782 ea
600 2743 709 2782 haud
728 2743 847 2784 dubie
867 2747 1032 2783 minime
1050 2756 1143 2783 vera
1157 2739 1331 2794 putanda
1351 2745 1423 2778 est.
1477 2751 1555 2789 po-
