1812 3016
329 129 425 176 196
950 127 1147 172 zosml

327 242 564 299 διαδραμὼν
585 242 645 285 ἐπὶ
670 242 743 296 τὴν
766 237 1191 284 Κωνσταντινοῦπολιν
1209 238 1292 297 ᾔει,
1325 238 1543 282 κάντεῦθεν
1567 238 1631 282 3⁷12
1659 237 1774 298 Θρᾴ-

327 329 399 366 κης
430 310 568 367 ἐχώρει
581 342 594 362 ,
620 309 689 352 τὸν
707 309 807 366 πρὸς
822 309 916 359 τοὺς
937 306 1187 362 αὐτομόλους
1203 306 1373 357 Σκύθας
1391 305 1681 363 ἅγωνισόμενος
1697 305 1774 348 πό-

327 383 462 432 λεμον.
527 376 668 428 ἐξιόντι
697 377 741 419 δὲ
760 382 818 434 τῷ
840 378 1096 434 στρατοπέδῳ
1118 377 1184 418 καὶ
1207 375 1319 432 αὐτῷ
1339 375 1383 417 δὲ
1401 378 1460 432 τῷ
1475 378 1639 429 βασιλεῖ
1655 375 1773 431 τέρας

324 446 451 504 ὤφθη
481 444 648 488 τοιόνδε.
717 444 937 501 ἀνθρώπου
968 462 1006 487 τι
1038 448 1183 499 σκῆνος
1212 442 1340 500 ἐφάνη
1361 442 1464 485 κατὰ
1485 442 1558 497 τὴν
1577 441 1672 484 ὅδόν
1689 444 1771 485 κεί-

322 532 463 569 μενον,
497 514 543 556 τὸ
565 515 639 568 μὲν
662 512 760 555 ἄλλο
784 512 891 555 ἅπαν
917 513 1101 567 ἀκίνητον
1122 514 1187 553 καὶ
1210 511 1289 553 ἀπὸ
1313 514 1490 567 κεφαλῆς
1515 515 1803 566 μεμαστιγω-5

322 583 428 640 μένῳ
449 581 542 637 ἄχρι
560 584 695 623 ποδῶν
713 580 859 633 ἐοικός,
893 579 1042 634 μόνους
1065 581 1108 622 δὲ
1128 579 1221 630 τοὺς
1239 578 1483 636 ὀφθαλμοὺς
1503 578 1772 636 ἀνεῳγμένους

322 650 435 704 ἕχον,
469 650 738 703 ἐμβλέποντας
762 656 845 699 τοῖς
872 647 1168 703 πλησιάζουσιν.
1236 648 1319 689 ἐπεὶ
1348 647 1392 688 δὲ
1412 653 1495 696 τοῖς
1515 647 1691 702 ἐρωτῶσι
1711 648 1770 696 τίς

320 735 362 760 τε
387 718 446 772 εἴη
468 719 535 759 καὶ
557 716 683 772 πόθεν
693 748 706 768 ,
738 716 764 771 ἢ
787 717 899 773 παρὰ
917 719 1022 766 τίνος
1041 720 1169 758 ταῦτα
1189 713 1339 766 πάθοι,
1373 712 1628 756 παντάπασιν
1654 715 1769 755 οὐδὲν

320 786 557 840 ἀπεκρίνατο
569 817 582 836 ,
613 787 833 840 τερατῶδες
852 783 949 826 εἶναι
969 786 1201 838 νομίσαντες
1225 782 1426 833 ἐπέδειξαν
1446 784 1514 824 καὶ
1533 786 1591 838 τῷ
1608 786 1774 836 βασιλεῖ

319 852 515 909 παριόντι.
582 857 656 895 τοῦ
681 853 724 894 δὲ
754 853 827 902 τὰς
853 852 980 902 αὐτὰς
1001 851 1156 901 πεύσεις
1173 848 1496 910 προσαγαγόντος
1512 850 1626 891 οὐδὲν
1645 844 1764 904 ἧττον
1778 855 1812 889 lt

318 921 482 976 ἄφωνος
500 914 563 975 ἦν,
587 919 676 962 οὔτε
696 923 765 974 ζῆν
780 922 988 974 νομισθεὶς
1005 919 1072 961 διὰ
1089 918 1133 961 τὸ
1152 923 1232 960 πᾶν
1249 918 1294 960 τὸ
1316 923 1434 972 σῶμα
1449 918 1632 972 ἀκίνητος
1651 916 1764 970 εἶναι,

317 988 407 1031 οὕτε
441 986 631 1030 τεθνάναι
664 989 826 1040 τελέως,
863 988 995 1042 ἐπειδὴ
1017 989 1224 1044 ἐρρῶσθαι
1243 986 1288 1028 τὸ
1307 986 1471 1040 βλέμμα
1490 984 1629 1028 ἐδόκει.
1695 988 1764 1027 καὶ

313 1057 467 1112 γέγονεν
500 1056 650 1112 ἀφανὲς
681 1055 797 1112 ἄφνω
831 1056 877 1097 τὸ
911 1056 1041 1112 τέρας.
1108 1059 1189 1096 τῶν
1217 1049 1287 1096 οὖν
1317 1052 1587 1110 περιεστώτων
1608 1055 1698 1110 περὶ
1715 1053 1762 1096 τὸ

312 1125 509 1180 πρακτέον
525 1124 810 1181 ἀπορουμένων
826 1124 1070 1177 συνέβαλλον
1090 1123 1128 1164 οἱ
1145 1122 1195 1164 τὰ
1212 1126 1379 1164 τοιαῦτα
1398 1123 1625 1176 ἐξηγεῖσθαι
1642 1123 1764 1164 δεινοὶ

310 1192 384 1246 τὴν
406 1192 596 1246 ἐσομένην
617 1189 857 1248 προμηνύειν
878 1196 950 1246 τῆς
970 1192 1167 1240 πολιτείας
1187 1188 1452 1241 κατάστασιν,
1488 1188 1549 1231 ὅτι
1570 1206 1613 1232 τε
1633 1193 1759 1244 πλητ·
1773 1197 1812 1232 1⁵

310 1258 458 1312 τόμενα
476 1261 542 1301 καὶ
560 1258 859 1314 μαστιγούμενοι
878 1260 1091 1304 διατελέσει
1108 1258 1158 1300 τὰ
1177 1256 1409 1314 πράγματα,
1430 1255 1762 1314 ψυχορραγοῦσιν

309 1325 492 1377 ἐοικότα,
526 1328 665 1382 μέχρις
695 1325 745 1368 ἂν
779 1331 830 1382 τῇ
854 1331 933 1368 τῶν
959 1325 1163 1382 ἀρχόντων
1188 1328 1254 1367 καὶ
1280 1323 1616 1380 ἐπιτροπευόντων
1639 1324 1760 1385 κακίᾳ

307 1395 449 1444 τελέως
475 1396 670 1449 φθαρείη.
737 1398 854 1435 τοῦτο
882 1395 955 1447 μὲν
988 1389 1083 1445 οὖν,
1116 1391 1306 1434 ε’πιόντων
1330 1391 1444 1447 ἡμῶν
1464 1393 1515 1434 τὰ
1533 1393 1637 1434 καθ’
1663 1393 1758 1435 ἕκα-

306 1479 407 1512 στα,
444 1461 518 1503 σὺν
539 1461 712 1520 ἀληθεία
733 1460 952 1518 φανήσεται
974 1461 1296 1518 προαγορευθέν·
1365 1461 1490 1515 (22)
1524 1458 1545 1501 ὅ
1571 1462 1614 1502 δὲ
1633 1465 1756 1514 βασι-

306 1530 397 1579 λεὺς
429 1527 592 1584 Οὐάλης
622 1530 876 1584 ληϊζομένους
903 1528 981 1584 ἤδη
1015 1529 1087 1583 τὴν
1118 1527 1285 1587 Θρᾴκην
1310 1532 1444 1570 πᾶσαν
1468 1527 1563 1577 τοὺς
1586 1527 1812 1579 Σκύθαςω

304 1596 510 1650 θεώμενος
518 1628 531 1648 ,
567 1596 665 1652 ἔγνω
688 1596 781 1647 τοὺς
803 1597 846 1638 ἐκ
869 1602 941 1651 τῆς
961 1595 1065 1653 ἑῴας
1086 1596 1160 1638 σὺν
1183 1597 1294 1652 αὐτῷ
1315 1595 1657 1652 παραγενομένους
1688 1599 1756 1638 καὶ

303 1663 511 1719 μάχεσθαι
543 1665 644 1718 μεθ’
672 1665 807 1707 ἵππων
829 1662 1138 1722 ἐμπειροτάτους
1157 1669 1205 1722 τῇ
1226 1668 1306 1706 τῶν
1325 1666 1499 1714 Σκυθῶν
1517 1665 1628 1722 ἵππῳ
1652 1662 1755 1720 πρό-

393 1793 415 1827 5
440 1789 616 1837 ἀκίνητον
638 1794 672 1826 R
696 1804 758 1839 pro
780 1792 920 1839 vulgato
942 1789 1149 1839 εὐκίνητον,
1242 1793 1287 1828 10
1307 1789 1467 1838 παρόντι
1486 1792 1529 1829 Ρ.
1621 1793 1665 1828 18
1686 1804 1750 1827 τα-

392 1836 483 1881 χέως
506 1839 535 1872 L
560 1849 686 1883 margo.

299 1954 455 1996 poterat,
480 1951 692 1996 compositis,
714 1952 893 1987 Antiochia
913 1953 1034 1987 cursim
1049 1952 1113 1987 iter
1129 1963 1281 1986 emensus
1297 1951 1428 1997 Cpolim
1443 1950 1534 1994 abit,
1554 1953 1656 1996 atque
1670 1950 1750 1986 inde

299 1996 415 2041 pergit
443 1997 476 2029 in
505 1997 688 2030 Thraciam
699 2022 709 2038 ,
744 1999 864 2032 bellum
896 1999 1059 2032 adversus
1088 1998 1235 2041 Scythas
1261 1997 1334 2030 iilos
1359 1997 1552 2040 transfugas
1577 2002 1748 2039 gesturus.

299 2052 458 2084 egressus
484 2047 595 2074 autem
618 2043 786 2076 exercitus
807 2048 844 2077 et
867 2043 940 2088 ipse
957 2044 1110 2089 princeps
1125 2042 1308 2076 huiusmodi
1324 2046 1513 2087 portentum
1530 2053 1747 2085 conspexere.

298 2097 423 2130 corpus
450 2086 616 2130 quoddam
644 2087 782 2121 hominis
803 2088 838 2121 in
860 2088 918 2122 via
937 2088 1051 2122 iacens
1078 2088 1183 2122 visum
1209 2087 1290 2130 fuit,
1320 2091 1436 2120 cetera
1456 2086 1587 2130 quidem
1606 2097 1747 2131 prorsus

297 2130 484 2172 immobile,
507 2132 774 2176 verberibusque
797 2143 898 2167 caeso
925 2144 947 2166 a
973 2134 1087 2178 capite
1113 2132 1156 2166 ad
1179 2133 1281 2177 pedes
1298 2142 1403 2176 usque
1416 2131 1604 2172 consimile,
1624 2142 1746 2166 verum

298 2176 415 2209 oculos
439 2179 571 2208 tantum
597 2182 733 2221 apertos
751 2178 902 2222 habens,
934 2178 992 2223 qui
1019 2177 1156 2223 propius
1181 2177 1380 2211 accedentes
1401 2176 1622 2212 intuerentur.
1669 2187 1745 2211 cum

296 2227 407 2254 nutem
422 2220 711 2263 interrogantibus
725 2223 800 2266 quis
816 2231 906 2256 esset
921 2229 957 2256 et
969 2224 1070 2266 unde,
1091 2228 1160 2256 tum
1175 2234 1195 2256 a
1209 2232 1276 2267 quo
1291 2222 1398 2256 istaec
1416 2233 1594 2267 perpessus
1611 2222 1745 2264 fuisset,

297 2265 379 2299 nibil
396 2265 528 2298 omnino
543 2267 776 2311 responderet,
802 2268 1023 2312 prodigiosum
1041 2268 1195 2312 quiddam
1211 2267 1277 2300 rati
1292 2266 1391 2300 etiam
1407 2268 1636 2312 praetereunti
1650 2268 1746 2312 prin-

297 2311 362 2356 cipi
386 2316 657 2344 commonstrant.
705 2323 780 2346 cum
803 2314 832 2346 is
857 2313 902 2346 de
918 2314 1017 2347 rebus
1030 2313 1147 2346 iisdem
1161 2312 1421 2356 interrogasset,
1444 2313 1653 2346 nihilominus
1669 2324 1744 2346 mu-

296 2361 353 2390 tus
369 2360 455 2396 erat,
478 2367 541 2389 nec
556 2356 763 2390 existimatus
779 2358 908 2401 vivere,
931 2358 1021 2402 quod
1037 2358 1225 2391 universum
1240 2368 1363 2401 corpus
1379 2369 1500 2402 expers
1514 2362 1605 2391 esset
1618 2362 1741 2401 motus,

296 2412 361 2434 nec
375 2401 507 2443 integre
522 2406 682 2442 mortuus,
700 2402 834 2446 quando
848 2402 1031 2436 incolumes
1046 2402 1136 2436 oculi
1150 2413 1226 2436 esse
1239 2401 1445 2436 viderentur.
1477 2402 1610 2436 tandem
1626 2402 1741 2437 subito

296 2451 488 2491 portentum
505 2446 568 2479 hoc
583 2446 730 2479 evanuit.
764 2447 877 2491 itaque
891 2459 965 2482 cum
981 2448 1005 2481 ii
1020 2448 1077 2492 qui
1092 2447 1361 2498 circumstabant,
1376 2448 1454 2492 quid
1469 2447 1635 2490 agendum
1648 2451 1741 2482 esset

294 2491 524 2535 ambigerent,
548 2490 697 2524 homines
713 2490 748 2524 in
767 2492 971 2536 exponendis
991 2493 1114 2526 talibus
1128 2492 1287 2536 ingeniosi
1309 2498 1432 2526 statum
1447 2492 1665 2537 reipublicae
1683 2494 1740 2526 su-

293 2541 405 2569 turum
427 2536 584 2580 portendi
603 2535 760 2570 dicebant
770 2562 781 2578 ‚
805 2537 963 2581 quodque
977 2538 1138 2571 duratura
1153 2542 1244 2571 esset
1258 2549 1367 2572 rerum
1382 2548 1554 2571 caesarum
1570 2542 1607 2570 et
1619 2534 1738 2580 flagris

293 2582 523 2614 confectarum
538 2581 662 2623 facies,
683 2581 825 2616 animam
839 2582 1072 2616 exhalantibus
1085 2582 1215 2625 similis,
1239 2582 1347 2616 donec
1361 2581 1610 2626 magistratuum
1625 2587 1659 2616 et
1675 2582 1737 2616 ad-

292 2626 547 2659 ministrantium
563 2627 778 2671 improbitate
793 2636 931 2671 prorsus
944 2626 1138 2661 interiisset.
1183 2632 1284 2671 atque
1299 2629 1385 2662 haec
1399 2627 1494 2662 nobis
1507 2627 1637 2671 singula
1653 2639 1735 2673 per-

290 2670 512 2704 lustrantibus
528 2683 610 2705 vere
624 2672 829 2716 praedictum
844 2672 1031 2724 apparebit.
1078 2672 1175 2716 (22)
1194 2672 1321 2707 Valens
1337 2677 1446 2707 autem
1459 2672 1652 2717 imperator,
1675 2672 1734 2717 qui

289 2715 354 2748 iam
385 2716 532 2758 Scythas
560 2717 748 2751 universam
770 2717 951 2759 Thraciam
970 2716 1166 2763 depopulari
1181 2723 1355 2761 cerneret,
1377 2717 1496 2752 statuit
1511 2729 1570 2751 eos
1585 2728 1669 2762 quos
1689 2728 1735 2752 ex

289 2759 432 2795 Oriente
444 2770 556 2796 secum
572 2762 772 2808 adduxerat,
795 2773 838 2798 ex
853 2762 946 2808 equis
961 2763 1131 2809 pugnandi
1146 2763 1374 2808 peritissimos,
1391 2763 1429 2798 in
1442 2762 1627 2810 equitatum
1642 2763 1735 2807 Scy-

1800 2433 1812 2502 ἰ

1794 2641 1812 2893 1

1803 2896 1812 2918 ξ

1802 2928 1812 2947 *i

1804 2964 1809 2980 ,Ἰ

1809 2985 1812 2995 ι

1799 2566 1812 2640 1
