1774 3002
253 27 316 71 22
876 28 1071 71 ZOSIMI

255 138 354 196 πρὸς
373 136 525 182 στάσιν.
593 139 696 194 (19)
725 139 897 196 ἓκβάσης
922 141 965 183 δὲ
992 143 1046 191 εἷς
1068 139 1180 196 ἔργον
1206 139 1315 198 αὐτῷ
1337 143 1407 194 τῆς
1429 138 1619 193 σκέψεως,
1654 138 1691 180 οἳ

255 211 496 263 στρατιῶται
521 205 724 265 πρόφασιν
757 208 830 262 τὴν
856 213 936 251 τῶν
975 209 1197 264 ἀναγκαίων
1232 207 1382 250 ἕνδειαν
1422 204 1694 261 ποιησάμενοι,

255 274 330 317 σὺν
352 275 479 318 οὐδενὶ
499 274 635 333 κόσμῳ
664 276 732 318 τὸν
763 277 984 332 Γορδιανὸν
1010 275 1263 333 περιστάντες
1287 273 1342 325 ὥς
1371 274 1497 316 αἴτιον
1522 278 1594 328 τῆς
1621 277 1695 315 τοῦ

54 353 240 399 Philippus.
254 343 523 399 στρατοπέδου
557 347 721 401 φθορᾶς
747 343 976 402 ἀναιροῦσι,
1022 346 1207 401 Φιλίππῳ
1242 343 1314 398 τὴν
1345 341 1563 398 ἁλουργίδα
1593 341 1696 383 κατὰ

114 411 146 436 a·
165 400 232 436 ²44
254 411 300 453 τὸ
327 412 574 466 συγκείμενον
591 412 828 468 περιθέντες.
894 411 916 454 ὃ
939 413 981 454 δὲ
997 412 1096 468 πρὸς
1110 413 1183 466 μὲν
1201 408 1403 467 Σαπώρην
1427 409 1541 452 ἴθετο
1560 410 1728 466 φιλίαν-ἰ

255 476 477 533 ἐνώμοτον,
507 478 633 529 λύσας
654 481 696 521 δὲ
725 480 794 522 τὸν
819 477 990 534 πόλεμον
1017 481 1081 522 ἐπὶ
1109 480 1181 534 τὴν
1207 477 1372 533 ςΡώμην
1401 479 1571 535 ἐξορμᾷ,
1604 476 1699 526 τοὺς

256 547 328 601 μὲν
356 546 603 604 στρατιώτας
632 546 775 604 ἁδραῖς
801 547 1002 590 διαδόσεσι
1027 545 1285 604 θεραπεύων,
1319 547 1375 596 εἷς
1396 546 1439 587 δὲ
1458 546 1530 599 τὴν
1541 543 1698 599 Ῥώμην

256 614 464 668 ἐκπέμπων
486 615 579 665 τοὺς
596 613 657 656 ὅτι
682 614 787 673 νόσῳ
807 614 1049 670 τετελεύτηκε
1072 618 1112 657 Γ
1109 614 1295 672 ορὸιανὸς
1310 613 1581 669 ἇγγελοῢντας.
1617 613 1711 654 ἐπεὶ

260 683 304 724 δὲ
323 684 377 732 εἷς
399 683 470 737 τὴν
485 681 649 737 εΡώμην
671 682 833 740 ἀφίκετο
844 715 858 734 ,
883 684 976 733 τοὺς
995 685 1036 726 ἐν
1058 684 1156 726 τέλει
1173 686 1245 736 τῆς
1262 685 1414 735 βουλῆς
1431 678 1563 736 λόγοις
1579 680 1699 722 ἐπιει-

260 750 367 792 κέσιν
398 748 698 806 ὑπαγαγόμενος
736 749 853 808 ᾠήθη
894 753 975 793 δεῖν
1004 750 1078 801 τὰς
1117 752 1305 806 μεγίστας
1336 753 1416 791 τῶν
1449 747 1584 805 ἀρχῶν
1616 753 1701 797 τοῖς
1713 753 1756 789 10

260 815 482 860 οἰκειότατα
500 818 601 874 πρὸς
620 818 740 860 αὐτὸν
761 818 895 872 ἔχουσι
919 821 1182 875 παραδοῦναι,
1201 819 1266 860 καὶ
1287 817 1469 873 Πρίσκον
1489 816 1562 868 μέν
1583 815 1702 857 ἀδελ-

260 885 340 942 φὸν
356 884 452 927 ὄντα
468 890 548 927 τῶν
568 885 670 927 κατὰ
690 887 842 942 Συρίαν
859 885 1131 942 προεστήσατο
1155 885 1447 942 στρατοπέδων,
1469 880 1704 940 Σεβηριανῷ

254 954 306 995 ’δὲ
330 957 388 1010 τῷ
413 954 583 1010 κηδεστῇ
605 953 679 1003 τὰς
702 954 743 994 ἔν
766 955 913 1012 Μυσίᾳ
935 957 1000 997 καὶ
1027 955 1266 1012 ΙΙζῘακεδονίᾳ
1287 950 1473 1005 δυνάμεις
1490 951 1703 993 ἐπίστευσε-ι

262 1021 368 1075 (20)
395 1019 523 1078 τούτῳ
555 1022 598 1063 δὲ
623 1022 797 1075 βεβαίως
821 1021 918 1071 ἕξειν
946 1022 1017 1076 τὴν
1038 1021 1164 1077 ἀρχὴν
1185 1022 1337 1075 οἲηθεὶς
1357 1019 1477 1068 αὐτὸς
1500 1019 1562 1060 ε’πὶ
1586 1016 1706 1075 Κάρ-

261 1105 363 1138 πους
393 1087 622 1144 ἐστράτευεν
642 1088 720 1145 ἤδη
750 1088 803 1130 τὰ
831 1091 920 1145 περὶ
949 1090 1020 1131 τὸν
1042 1089 1205 1145 Ἴστρον
1234 1087 1507 1142 ληϊσαμένους.
1573 1084 1759 1140 μάχης15

264 1156 309 1198 δὲ
335 1157 545 1211 γενομένης
573 1156 645 1198 οὐκ
677 1154 892 1212 ἐνεγκόντες
923 1158 961 1199 οἳ
990 1155 1192 1212 βάρβαροι
1219 1156 1292 1210 τὴν
1313 1151 1556 1211 προσβολήν,
1590 1153 1646 1203 εἵς
1667 1170 1707 1195 τι

263 1222 459 1280 φρούριον
497 1222 772 1280 συμφυγόντες
811 1224 852 1264 ἓν
892 1226 1099 1282 πολιορκία
1126 1224 1384 1265 καθίσταντο.
1462 1219 1708 1275 θεασάμενοι

266 1291 310 1332 δὲ
328 1291 481 1341 τοῦςἾὲξ
501 1291 631 1332 αὐτῶν
651 1290 796 1340 ἄλλους
815 1290 917 1347 ἄλλῃ
937 1291 1226 1347 διασπαρέντας
1243 1284 1365 1339 αὖθις
1380 1289 1708 1343 συνειλεγμένους,

265 1356 354 1411 ἅμα
380 1375 422 1400 τε
446 1356 730 1414 ἀνεθάρρησαν
756 1360 822 1400 καὶ
839 1356 1120 1409 ὑπεξελθόντες
1146 1362 1205 1416 τῷ
1226 1355 1435 1414 Ῥωμαϊκῷ
1453 1357 1709 1414 στρατοπέδῳ

266 1426 514 1468 συνέπιπτον.
581 1426 654 1479 οὔχ
673 1423 914 1476 ὑποστάντες
937 1427 980 1468 δὲ
1006 1427 1078 1481 τὴν
1094 1430 1173 1468 τῶν
1196 1425 1473 1480 ΖῑῚαυρουσίων
1490 1421 1618 1481 ὁρμὴν
1638 1421 1764 1465 λό-ΞΟ

266 1509 363 1548 γους
399 1494 488 1550 περὶ
522 1494 703 1535 σπονδῶν
733 1491 988 1546 ἐποιήσαντο,
1033 1491 1092 1543 οἷς
1134 1491 1155 1535 ὁ
1190 1494 1388 1541 Φίλιππος
1415 1491 1514 1550 ῥᾷον
1541 1491 1711 1544 θέμενος

267 1557 469 1616 ἀνεχώρει.
546 1563 704 1602 πολλῶν
738 1560 780 1601 δὲ
814 1561 917 1603 κατὰ
945 1558 1090 1603 τάὗτὸν
1126 1562 1380 1614 ἕμπεσουσιῦν
1406 1563 1594 1614 ταραχῶν
1629 1565 1713 1608 τοῖς

268 1625 499 1684 πράγμασι,
533 1627 585 1669 τὰ
611 1628 684 1682 μὲν
702 1627 804 1670 κατὰ
829 1628 901 1683 τὴν
921 1627 1024 1688 ἑῴαν
1042 1634 1130 1679 ταῒς
1150 1631 1229 1670 τιῦν
1250 1625 1386 1684 φόρων
1401 1624 1626 1682 εἷσπράξεσι
1644 1627 1713 1668 καὶ
1762 1626 1770 1632 ”

361 1747 382 1779 1
406 1742 562 1789 ἐκβάσης
578 1745 812 1781 Heumannusx
835 1747 912 1781 libri
939 1744 1093 1792 ἔκβασις.
1219 1745 1265 1781 21
1284 1720 1455 1792 ρᾆνμρῐο
1471 1742 1619 1790 ῥᾳδίως.
1663 1743 1713 1778 sic

362 1789 397 1833 β.
416 1790 461 1825 23
478 1791 530 1825 10.
547 1795 582 1824 et
597 1792 643 1826 30
658 1793 692 1828 6.
712 1793 757 1826 R.
888 1793 934 1829 23
955 1794 1036 1833 ταῖς
1054 1802 1093 1826 τε
1109 1790 1183 1826 τῶν
1199 1791 1238 1825 S.

273 1894 480 1926 moveretur.
528 1891 604 1936 (19)
631 1894 755 1926 eventu
776 1893 911 1928 consilio
935 1892 1179 1938 respondente,
1201 1891 1321 1926 milites
1348 1894 1485 1935 arrepta
1508 1889 1553 1924 de
1572 1890 1716 1936 penuria

273 1941 475 1970 commeatus
490 1937 664 1972 occasione
681 1938 890 1971 Gordianum
905 1938 1107 1972 tumultuose
1125 1937 1232 1970 adorti
1246 1935 1352 1970 veluti
1365 1936 1458 1969 cuius
1473 1935 1573 1980 culpa
1589 1935 1717 1980 periret

273 1980 462 2023 exercitus,
483 1981 704 2021 interficiunt,
728 1987 763 2016 et
784 1983 973 2027 Philippum
996 1994 1040 2017 ex
1057 1982 1237 2027 composito
1253 1991 1400 2026 purpura
1414 1980 1574 2014 vestiunt.
1617 1979 1645 2013 is
1661 1991 1716 2015 sa-

276 2026 456 2060 cramentis
478 2026 793 2069 intervenientibus,
816 2027 961 2061 amicitia
983 2039 1056 2061 cum
1071 2028 1204 2071 Sapore
1229 2026 1412 2060 constituta
1424 2025 1578 2069 belloque
1591 2025 1718 2071 sopito,

276 2070 419 2105 Romam
444 2071 677 2115 proficiscitur,
701 2072 839 2105 militum
862 2073 989 2106 animos
1013 2072 1128 2116 amplis
1148 2070 1379 2115 largitionibus
1405 2070 1618 2114 demulcens,
1644 2071 1718 2104 Ro-

275 2126 430 2159 mamque
450 2116 582 2149 nuntios
607 2116 763 2160 mittens,
794 2117 850 2161 qui
870 2117 1075 2151 Gordianum
1098 2117 1214 2150 morbo
1237 2115 1438 2150 exstinctum
1458 2115 1616 2150 dicerent.
1659 2115 1719 2149 ubi

278 2160 419 2194 Romam
433 2161 591 2202 venisset,
615 2161 738 2195 ordinis
752 2162 911 2196 senatorii
926 2161 1008 2196 viris
1023 2162 1176 2195 oratione
1189 2161 1334 2205 benigna
1347 2161 1411 2194 sibi
1427 2159 1624 2202 conciliatis,
1646 2170 1718 2193 ma·-

278 2205 444 2248 gistratus
466 2205 684 2250 amplissimos
706 2207 891 2241 hominibus
913 2207 975 2240 sibi
992 2206 1264 2241 coniunctissimis
1277 2205 1460 2239 tradendos
1474 2205 1604 2240 statuit,
1647 2205 1719 2238 ita-

279 2262 347 2294 que
361 2250 512 2284 Priscum
525 2252 664 2285 fratrem
679 2251 828 2295 Syriacis
852 2251 1054 2285 exercitibus
1071 2251 1258 2298 praefecit,
1281 2250 1463 2284 Severiano
1482 2260 1606 2295 genero
1619 2249 1721 2284 Moe-

279 2296 350 2329 siae
363 2295 646 2341 Macedoniaeque
660 2296 762 2342 copiis
778 2296 925 2331 creditis.
971 2298 1064 2341 (20)
1093 2298 1156 2330 hoc
1171 2296 1267 2330 modo
1282 2296 1392 2329 stabili
1407 2307 1445 2330 se
1458 2296 1642 2342 potiturum
1655 2294 1720 2328 im-

282 2340 376 2384 perio
401 2340 601 2383 arbitrum,
623 2340 698 2386 ipse
719 2345 836 2375 contra
859 2341 988 2387 Carpos
1014 2341 1256 2387 expeditionem
1280 2340 1448 2385 suscepit,
1472 2340 1530 2385 qui
1551 2339 1616 2374 iam
1629 2339 1719 2373 Istro

282 2385 392 2418 vicina
406 2386 481 2420 loca
494 2385 751 2430 populabantur.
798 2386 924 2431 proelio
946 2392 1122 2431 conserto,
1144 2397 1218 2420 cum
1233 2386 1481 2430 impressionem
1498 2384 1636 2419 barbari
1652 2395 1721 2419 non

282 2430 496 2472 sustinerent,
517 2431 599 2474 fuga
623 2431 790 2474 quoddam
817 2431 859 2464 ad
884 2432 1052 2466 castellum
1075 2433 1165 2466 facta
1184 2430 1433 2465 obsidebantur.
1478 2430 1534 2464 ubi
1549 2440 1628 2464 suos
1642 2429 1720 2463 hinc

280 2475 359 2509 inde
375 2476 538 2520 dispersos
554 2486 666 2509 rursus
681 2476 793 2519 colligi
807 2481 983 2510 cernerent
994 2504 1004 2520 ‚
1033 2476 1180 2521 receptis
1200 2476 1315 2509 animis
1338 2475 1464 2520 egressi
1485 2475 1671 2508 Romanum
1683 2474 1720 2508 in

283 2521 464 2555 exercitum
479 2520 660 2555 irruebant.
706 2521 765 2554 sed
790 2521 879 2566 quod
891 2521 1047 2567 impetum
1062 2522 1256 2554 Maurorum
1270 2522 1360 2554 ferre
1374 2532 1440 2554 non
1454 2524 1603 2565 possent,
1626 2530 1721 2552 meu-

282 2565 403 2599 tionem
422 2566 588 2611 pangendi
603 2565 750 2599 foederis
764 2565 966 2608 iniecerunt;
990 2567 1183 2611 quibuscum
1196 2565 1369 2610 Philippus
1392 2576 1434 2598 eo
1456 2576 1524 2598 non
1540 2564 1722 2598 difficulter

279 2609 361 2642 inito
387 2611 547 2645 discessit.
595 2622 668 2644 cum
694 2615 804 2645 autem
825 2622 935 2644 rerum
957 2611 1227 2656 perturbationes
1250 2610 1365 2644 eodem
1378 2614 1529 2654 tempore
1542 2609 1656 2654 plnres
1669 2608 1723 2641 in—

281 2654 454 2700 cidissent,
478 2656 656 2692 orientales
684 2656 814 2703 quidem
839 2661 954 2704 partes
979 2660 1048 2692 tum
1068 2656 1295 2692 exactionibus
1319 2654 1519 2690 tributorum
1547 2658 1722 2699 gravatae,
