1774 3002
258 76 319 122 12
874 77 1066 120 ZOSIMI

255 187 385 231 κοινὸν
417 185 513 231 εἶναι
545 185 779 243 δυστύχημα
803 189 874 243 τὴν
899 194 971 232 τοῦ
995 192 1232 246 κρατοῦντος
1253 187 1395 245 ἄλογον
1417 187 1617 240 ἐξουσίαν·
1646 190 1686 231 οῗ

255 275 295 300 τε
330 257 406 313 γὰρ
441 256 603 307 κόλακες
635 257 745 313 παρὰ
779 256 920 299 τούτου
949 260 1106 315 δωρεῶν
1129 259 1194 299 καὶ
1217 261 1342 311 τιμῶν
1362 255 1583 310 ἀξιούμενοι
1604 261 1684 299 τῶν

252 326 447 380 μεγίστων
471 326 603 380 ἀρχῶν
633 325 922 378 ἐπιβαίνουσιν,
950 327 990 367 οἵ
1007 343 1047 368 τε
1071 327 1247 375 ἐπιεικεῖς
1268 327 1334 366 καὶ
1357 323 1604 381 ἀπράγμονες
1625 325 1684 379 μὴ

254 393 323 434 τὸν
354 392 472 434 αὐτὸν
503 395 660 443 ἐκείνοις
692 391 916 448 αἱρούμενοι
941 395 1030 447 βίον
1052 392 1211 443 εῗκότως
1228 390 1518 447 σχετλιάζουσιν
1541 393 1588 434 οὗ
1605 397 1685 434 τῶν

256 460 388 502 αὐτῶν
409 459 693 511 ἀπολαύοντες,
720 459 818 502 ὥστε
835 462 877 502 ἐκ
894 460 1035 503 τούτου
1053 461 1125 510 τὰς
1143 462 1215 515 μὲν
1233 459 1366 510 πόλεις
1385 458 1562 502 στάσεων
1581 464 1682 514 πλη·
1694 467 1716 502 5
1750 461 1752 464 ’

254 531 429 584 ροῦσθαι
464 530 529 570 καὶ
559 533 765 584 ταραχῶν,
800 529 850 570 τὰ
875 530 917 571 δὲ
940 529 1122 571 πολιτικὰ
1145 530 1211 570 καὶ
1234 528 1496 585 στρατιωτικὰ
1524 528 1687 583 κέρδους

253 594 414 649 ἥττοσιν
438 595 628 652 ἄρχουσιν
653 594 882 649 ἔκδιδόμενα
905 599 970 638 καὶ
994 597 1062 638 τὸν
1083 598 1124 638 ἓν
1145 594 1278 652 εἰρήνῃ
1305 598 1394 649 βίον
1419 595 1595 651 λυπηρὸν
1620 596 1687 636 καὶ

1763 651 1770 688 ὲ

254 663 448 719 ὀδυνηρὸν
468 671 550 714 τοῖς
565 664 833 719 χαριεστέρως
850 671 973 706 ποιεῖν
991 667 1057 706 καὶ
1079 668 1158 706 τῶν
1181 668 1434 720 στρατιωτῶν
1453 663 1524 718 τὴν
1547 664 1587 704 ἐν
1605 669 1688 712 τοῖς

255 732 440 785 πολέμοις
463 733 694 788 προθυμίαν
715 730 875 774 ἐκλύειν.

391 799 435 843 6.
503 801 586 841 Καὶ
619 798 679 840 ὅτι
709 804 837 842 ταῦτα
866 804 1008 842 τοῦτον
1031 798 1107 853 ἕχει
1126 796 1387 854 τὸν-τρόπον,
1423 797 1524 851 αὐτὴ
1547 800 1769 852 σαφίῦςῙΟ,

256 863 374 916 ἔδειξε
408 870 487 908 τιῦν
518 865 787 920 ἕκβεβηκότων
815 866 840 922 ἡ
872 874 988 923 πεῖρα
1015 869 1081 908 καὶ
1103 867 1154 908 τὰ
1171 866 1295 916 εὐθὺς
1314 863 1565 919 συμπεσόντα
1587 863 1690 906 κατὰ
1765 852 1769 876 ⁵

255 934 328 987 τὴν
345 934 609 987 Ὀκταβιανοῦ
627 936 845 988 βασιλείαν.
891 935 916 988 ἣ
935 953 974 976 τε
991 935 1068 991 γὰρ
1090 933 1337 988 παντόμιμος
1353 933 1516 991 ὄρχησις
1533 934 1574 973 ἓν
1591 932 1690 973 ἐκεί-

257 1018 341 1050 νοις
369 1001 536 1056 εῗσήχθη
565 1009 648 1051 τοῖς
673 1001 855 1059 χρόνοις,
890 1002 1000 1044 οὔπω
1026 1001 1219 1058 πρότερον
1247 997 1371 1052 οὖσα,
1404 999 1600 1042 Πυλάδου
1623 1000 1691 1040 καὶ

1762 981 1769 996 J

258 1068 480 1111 Βαθύλλου
515 1068 682 1125 πρώτων
721 1070 844 1124 αὐτὴν
876 1069 1170 1124 μετελθόντων,
1204 1071 1271 1111 καὶ
1305 1069 1465 1125 προσέτι
1498 1084 1540 1122 γε
1577 1068 1691 1123 ἕτερα
1766 1123 1768 1125 ,

257 1140 415 1178 πολλῶν
440 1137 547 1178 αἴτια
567 1135 751 1192 γεγονότα
773 1139 888 1193 με’χρι
909 1140 1025 1179 τοῦδε
1047 1141 1191 1179 κακῶν.
1231 1137 1498 1189 Ὄκταβιανοῢ
1519 1135 1562 1176 δὲ
1582 1133 1691 1188 ὅμως
1702 1130 1769 1175 1ὄῖ

259 1203 448 1254 δόξαντος
466 1207 634 1261 μετρίως
649 1207 989 1261 μεταχειρίζεσθαι
1010 1205 1081 1259 τὴν
1100 1203 1246 1258 ἀρχήν,
1277 1205 1319 1253 ἐξ
1340 1198 1388 1245 οὗ
1408 1201 1584 1256 μάλιστα
1605 1208 1692 1251 ταῖς
1766 1192 1767 1198 ¹

254 1271 534 1327 Ἀθηνοδώρου
556 1276 628 1313 τοῦ
646 1275 824 1313 Στωϊκοῦ
843 1276 1091 1325 συμβουλαῖς
1106 1273 1294 1325 ἐπείσθη,
1327 1271 1512 1326 Τιβέριος
1535 1268 1555 1311 ὅ
1581 1268 1691 1325 παρὰ

258 1338 402 1380 τούτου
434 1338 713 1391 διαδεξάμενος
739 1339 811 1393 τὴν
843 1339 970 1396 ἀρχὴν
997 1342 1051 1388 εἷς
1078 1338 1244 1392 ἴσχατον
1266 1336 1470 1392 ὠμότητος
1489 1337 1693 1393 ἐκτραπεὶς

260 1405 463 1462 ἀφόρητός
493 1423 534 1447 τε
567 1405 663 1448 εἶναι
691 1405 811 1456 δόξας
843 1414 927 1456 τοῖς
960 1404 1150 1460 ὑπηκόοις
1186 1404 1424 1448 ἄπεδιώκετο
1455 1406 1522 1446 καὶ
1551 1403 1592 1446 ἕν
1617 1421 1694 1445 τινι

257 1472 364 1532 νήσῳ
394 1472 660 1530 κρυπτόμενος
688 1473 922 1529 ἐτελεύτησε.
990 1473 1114 1523 Γάϊος
1139 1475 1182 1516 δὲ
1202 1471 1482 1529 Καλλιγούλας
1496 1475 1594 1514 πᾶσι
1609 1477 1774 1521 tergeo*

351 1581 369 1614 1
387 1577 544 1621 κράτους
561 1580 680 1613 Suidas
695 1592 730 1615 v.
743 1577 1002 1623 Ἀθηνόδωρος.
1095 1581 1118 1615 2
1133 1580 1206 1613 τῶν
1221 1591 1275 1614 om
1287 1578 1422 1614 Suidas.
1511 1579 1534 1613 7
1548 1579 1584 1611 et
1597 1579 1618 1612 8
1632 1576 1695 1611 καὶ

346 1623 415 1658 τὸν
438 1647 482 1652 -
505 1625 567 1659 καὶ
590 1626 686 1669 τῶν]
723 1624 791 1659 τὸν
813 1622 879 1667 μὲν
900 1645 946 1651 ——
967 1625 1042 1659 τῶν
1065 1623 1103 1659 δὲ
1127 1626 1227 1660 idem.
1371 1623 1415 1659 14
1446 1620 1623 1658 Βαθύλου
1650 1623 1694 1666 P,
1772 1634 1774 1681 4

347 1671 574 1713 Βακχυλίδου
596 1671 718 1704 Suidas
739 1682 773 1704 ν.
800 1668 955 1713 ὄρχησις.
1088 1671 1236 1714 πρῶτον
1260 1669 1392 1704 Suidas.
1541 1669 1583 1703 17
1607 1677 1693 1710 συμ-

348 1715 512 1759 βουλίαις
536 1715 658 1748 Suidas
681 1728 715 1749 v.
736 1713 1000 1759 Ἀθηνόδωρος.
1144 1718 1185 1750 18
1209 1713 1404 1757 δεξάμενος
1423 1715 1453 1747 Ρ
1590 1710 1695 1755 ἕσχοὶ-
1772 1705 1774 1747 Ι,

347 1772 415 1803 την
438 1761 517 1794 PL:
552 1772 628 1808 σου·
651 1761 842 1805 Stephanus
863 1761 967 1794 invito
989 1760 1152 1794 Dorvillio
1177 1761 1305 1794 Charit.
1328 1772 1361 1804 p.
1386 1760 1461 1794 126.
1509 1758 1553 1791 cf.
1575 1757 1693 1791 Index.
1763 1748 1774 1808 !

349 1806 393 1839 19
417 1803 527 1846 δόξας
543 1809 636 1838 εἰναι
654 1806 683 1838 L
821 1804 1041 1839 οἷπεδιιόκετο
1060 1818 1175 1849 parum
1191 1810 1362 1839 accurate:
1385 1816 1401 1838 s
1427 1808 1505 1837 onte
1525 1803 1608 1836 enim
1626 1803 1693 1835 Ca-
1772 1809 1774 1823 ·

349 1861 449 1895 preas
463 1850 610 1883 secessit.
634 1851 738 1894 quid?
761 1851 789 1884 si
806 1851 970 1884 scriberes
989 1848 1153 1895 εἰπςόχετο
1172 1852 1227 1884 vel
1247 1848 1368 1884 ἀπιὼν
1385 1859 1510 1893 ῳχετο.
1526 1849 1568 1882 R.
1605 1844 1693 1880 ἅπε-

350 1893 501 1929 διώκετο
518 1899 598 1940 puto
612 1896 837 1942 accipiendum
855 1908 930 1930 esse
946 1897 1023 1931 odio
1039 1898 1186 1940 habitus,
1207 1897 1463 1939 invisussactus
1482 1894 1619 1926 civibus.
1643 1892 1692 1927 Η.

262 1985 429 2030 potiretur
457 1983 626 2018 calamitas
640 1986 773 2029 publica
786 1986 888 2020 foret.
934 1997 1006 2019 nam
1029 1989 1256 2019 assentatores
1271 1995 1292 2017 a
1306 1981 1567 2017 taltmuneribus
1583 1985 1618 2015 et
1631 1981 1695 2015 ho-
1747 2021 1750 2023 ‚

260 2030 397 2064 noi-ibus
414 2029 528 2062 affecti
543 2030 703 2063 maximos
719 2031 931 2072 magistratus
944 2031 1125 2071 invadunt,
1148 2035 1184 2062 et
1197 2028 1338 2063 modesti
1352 2032 1454 2072 atque
1469 2026 1591 2072 placidi
1601 2051 1612 2067 ‚
1634 2026 1694 2070 qui

261 2075 363 2108 vitam
378 2074 517 2107 istorum
532 2076 623 2108 vitae
639 2075 836 2109 consimilem
852 2086 918 2108 non
933 2080 1044 2108 amant
1054 2100 1064 2117 ,
1087 2075 1173 2108 haud
1202 2076 1263 2107 abs
1288 2085 1327 2107 re
1351 2074 1491 2106 moleste
1507 2073 1620 2106 ferunt
1634 2071 1696 2104 iis-

262 2120 336 2153 dem
359 2130 396 2152 se
417 2130 482 2151 non
503 2119 582 2153 frui.
627 2131 693 2163 quo
709 2121 749 2153 fit
762 2124 800 2153 ut
815 2120 1031 2153 seditionibus
1046 2131 1085 2152 ac
1100 2119 1207 2152 turbis
1223 2118 1376 2152 civitates
1390 2117 1635 2164 compleantur,
1658 2119 1695 2149 et

263 2164 375 2199 civilia
389 2163 608 2208 militariaque
625 2175 761 2198 munera
774 2164 1022 2209 magistratibus
1038 2164 1119 2198 lucri
1145 2165 1250 2198 avidis
1273 2173 1434 2196 concessa
1455 2173 1528 2195 cum
1545 2165 1695 2204 togatam

264 2211 367 2244 vitam
393 2209 575 2242 hominibus
597 2210 697 2253 paulo
725 2210 982 2253 elegantioribus
1004 2210 1175 2243 insuavem
1197 2209 1415 2253 acerbamque
1438 2207 1600 2248 reddant,
1622 2209 1694 2239 tum

262 2255 400 2289 militum
417 2254 452 2287 in
467 2254 562 2287 bellis
583 2255 786 2288 alacritatem
801 2256 969 2298 frangant.

354 2301 389 2334 6.
436 2299 533 2339 Quae
561 2300 692 2343 quidem
716 2299 765 2334 sic
790 2311 864 2334 esse
887 2303 1081 2342 comparata
1103 2302 1174 2332 tum
1197 2298 1274 2342 ipsa
1297 2300 1493 2337 eventorum
1518 2294 1695 2339 experien-

263 2346 311 2378 tia
325 2344 502 2389 perspicue
518 2344 643 2386 docuit,
667 2350 736 2378 tum
752 2356 793 2378 ea
807 2356 894 2389 quae
909 2345 1019 2377 statim
1035 2345 1096 2377 sub
1111 2344 1216 2388 ipsius
1233 2343 1412 2376 Octaviani
1426 2341 1618 2374 acciderunt
1629 2339 1695 2371 im-

263 2391 370 2435 perio.
410 2399 492 2422 ‚nam
512 2394 547 2422 et
561 2390 831 2435 pantomimorum
847 2389 1083 2423 histrionumve
1097 2388 1226 2422 saltatio
1242 2388 1335 2432 prius
1347 2387 1518 2430 incognita
1530 2383 1695 2428 tempori-

263 2437 326 2468 bus
352 2435 394 2468 iis
415 2435 449 2468 in
475 2445 537 2467 usu
564 2446 640 2468 esse
663 2435 791 2478 coepit,
815 2435 945 2478 Pylade
967 2445 1006 2467 ac
1027 2433 1183 2477 Bathyllo
1205 2433 1318 2477 primis
1333 2433 1404 2466 eius
1417 2430 1627 2469 auctoribu53
1658 2433 1696 2460 et

265 2484 441 2523 praeterea
469 2479 629 2523 quaedam
659 2481 855 2513 exstiterunt
884 2479 969 2521 alia,
1002 2490 1089 2522 quae
1117 2477 1228 2510 multis
1250 2479 1421 2522 hucusque
1444 2474 1540 2508 malis
1562 2483 1695 2525 causam

262 2526 500 2569 praebuerunt.
546 2530 584 2557 ut
611 2529 718 2558 tamen
742 2524 948 2558 Octavianus
975 2523 1145 2567 imperium
1167 2522 1342 2556 moderate
1367 2531 1487 2564 gerere
1508 2519 1601 2552 visus
1618 2519 1695 2557 suit,

264 2581 307 2603 ex
323 2580 388 2613 quo
405 2569 600 2614 praesertim
615 2569 819 2603 Athenodori
835 2569 942 2602 Stoici
956 2568 1101 2601 consiliis
1115 2567 1247 2611 paruit,
1268 2568 1317 2600 ita
1332 2565 1500 2607 Tiberius,
1523 2563 1581 2607 qui
1594 2562 1637 2595 ab
1652 2572 1695 2594 eo

264 2615 423 2647 traditum
446 2614 619 2659 imperium
641 2614 793 2659 accepit,
819 2625 891 2647 cum
915 2618 1095 2646 extremam
1117 2612 1161 2645 ad
1183 2613 1412 2645 crudelitatem
1435 2608 1631 2659 deflexisset
1653 2615 1696 2658 aq

264 2658 404 2692 subditis
419 2659 509 2692 visus
524 2664 613 2694 esset
626 2659 839 2693 intolerabilis
853 2686 863 2701 ‚
887 2659 1012 2692 eiectus
1028 2661 1064 2690 et
1080 2657 1115 2690 in
1129 2657 1239 2692 insula
1257 2655 1398 2699 quadam
1414 2653 1547 2687 abditus
1561 2649 1696 2684 vivendl

264 2703 364 2736 finem
379 2703 471 2739 fecit.
510 2704 619 2740 Gaius
634 2710 746 2740 autem
759 2704 913 2749 Caligula
927 2703 1055 2738 cunctis
1069 2702 1157 2736 hunc
1169 2701 1308 2746 flagitiis
1323 2709 1486 2745 superans
1499 2697 1695 2731 interfectus
