1812 3016
296 97 392 145 338
836 95 1199 141 REITEMEIERI

407 219 449 256 p.
473 207 525 246 36
550 219 587 244 v.
609 204 650 247 4.
706 204 788 245 vid.
817 205 994 244 Trebell.
1016 205 1145 244 Pollio
1171 200 1214 243 in
1236 204 1350 256 Trig.
1371 204 1470 257 Tyr.
1500 210 1540 244 et
1562 206 1736 244 Zonaras

408 313 461 354 ib.
482 329 520 353 v.
549 318 612 357 10.
671 314 719 353 de
744 323 869 354 morte
893 317 1091 365 Salonini,
1129 323 1173 354 ut
1190 329 1242 354 ex
1259 315 1381 355 Treb.
1401 316 1582 354 Pollione
1602 316 1736 369 (Trig-

296 373 395 426 Tyr.
416 387 450 410 c.
471 373 514 422 3)
535 373 668 423 palam
685 372 740 420 fit,
773 372 923 410 diversa
944 375 1045 410 inter
1065 372 1246 411 homines
1264 372 1458 410 increbuit
1475 372 1596 410 fama.

406 428 460 466 ib.
484 441 522 466 v.
545 428 611 468 13.
672 429 863 466 Silvanus
880 428 944 466 hic
959 458 969 476 ‚
1011 430 1120 467 cuius
1142 441 1256 466 curae
1275 429 1486 474 Saloninus
1507 426 1620 466 datus
1639 434 1734 477 erat,

229 517 234 527 ,
294 483 401 536 apud
421 487 614 522 Zonaram
636 485 688 525 12
714 485 767 526 24
791 499 831 536 p.
852 488 931 527 632
955 490 1013 522 est
1035 485 1240 522 Athamas.
1278 491 1318 522 at
1337 485 1413 536 ipsi
1430 486 1616 522 Postumo
1638 497 1735 521 con-

294 540 486 578 creditum
510 541 743 577 Saloninum
772 548 902 578 narrat
921 541 1095 577 Trebell.
1117 541 1171 583 30
1194 548 1270 591 tyr.
1295 543 1334 581 2.
1391 553 1528 578 verum
1555 553 1660 578 error
1681 553 1735 577 ex

293 611 339 634 eo
355 604 470 634 natus
483 626 492 644 ,
523 595 630 648 quod
648 604 758 647 pater
776 598 859 635 eius
872 626 882 644 ,
914 597 1128 644 Gallienus,
1159 610 1181 633 a
1199 597 1404 635 Valeriano
1422 595 1587 634 traditus
1606 596 1734 633 fuerat

290 653 483 690 Postumii
510 653 675 701 tutelae,
715 660 758 690 ut
786 666 838 691 ex
863 653 1026 703 epistola
1052 654 1250 691 Valeriani
1279 653 1458 702 intelligo
1489 652 1554 704 ap.
1575 653 1732 703 Vopisc.

290 709 518 800 Auxeibffir.
540 709 605 804 lIfIi.
642 776 692 800 ex
709 764 905 814 Dexippo,
936 777 1055 815 quem
1073 769 1206 802 noster
1226 764 1430 815 expressit,
1460 763 1605 813 petitus
1626 759 1732 813 apud

288 819 518 870 Syncellum
538 819 597 869 (p.
617 818 697 860 304
717 818 771 868 D)
792 821 900 856 locus
919 826 1028 856 extat
1050 833 1134 857 rem
1156 820 1370 859 illustrans.
1428 832 1526 871 quos
1548 821 1731 855 Zosimus

288 873 458 926 Scythas
477 875 671 925 appellat,
711 888 778 912 eos
798 876 1006 926 Syncellus
1030 877 1112 913 sive
1131 875 1336 927 Dexippus
1357 876 1523 913 Aerulos
1536 903 1548 923 ‚
1577 873 1654 911 hoc
1672 879 1731 911 est

287 932 476 979 Herulos,
506 937 632 967 vocat.

399 987 453 1023 ih.
478 999 516 1023 v.
541 988 605 1027 19.
665 998 764 1037 quae
802 984 850 1023 de
881 985 1085 1024 Odenatho
1115 986 1296 1024 Zosimus
1328 985 1490 1023 obscure
1521 985 1727 1033 enarravit,

287 1055 334 1080 ea
353 1042 561 1094 Syncellus
593 1048 631 1079 et
661 1042 802 1080 clarius
833 1049 872 1079 et
902 1044 1097 1094 copiosius
1125 1044 1322 1094 exposuit.
1380 1042 1431 1079 cf.
1450 1042 1571 1080 Treb.
1600 1041 1728 1079 Pollio

286 1099 418 1150 (Trig.
437 1100 535 1149 Tyr.
559 1111 592 1135 c.
614 1096 698 1146 11)-

397 1154 451 1191 ib.
479 1167 516 1190 v.
538 1157 604 1196 20.
664 1151 915 1202 odenathus,
945 1160 1043 1191 teste
1059 1153 1257 1204 Syncello,
1289 1153 1457 1191 Orientis
1474 1158 1624 1190 creatus
1645 1157 1728 1189 erat

284 1208 391 1258 dux3
440 1211 553 1247 iuxta
577 1209 824 1247 Trebellium
853 1182 945 1247 veio
978 1210 1176 1261 (Gallien.
1209 1222 1241 1246 c.
1270 1207 1346 1260 11)
1380 1221 1500 1259 regno
1532 1207 1725 1255 affectato,

283 1268 417 1302 omnia
440 1279 540 1317 quae
560 1266 736 1316 perfecit,
767 1268 879 1317 quasi
900 1266 1071 1302 Gallieni
1089 1273 1218 1317 partes
1238 1271 1391 1315 ageret,
1421 1266 1459 1302 ei
1474 1265 1647 1301 nuntiari
1663 1263 1728 1300 fe-

282 1323 356 1368 cit3
395 1320 538 1358 deinde
564 1334 654 1358 cum
672 1322 719 1357 ab
739 1322 973 1371 imperatore
992 1324 1192 1372 Augustus
1214 1320 1339 1358 dictus
1360 1327 1486 1370 esset,
1523 1320 1650 1357 filium
1674 1317 1727 1356 ad

281 1375 451 1414 eandem
475 1378 608 1414 evexit
627 1376 872 1427 dignitatem.

389 1446 429 1483 p.
450 1435 504 1474 37
524 1444 561 1470 v.
584 1434 623 1472 9.
682 1439 814 1469 contra
832 1430 1000 1483 Scythas
1027 1432 1272 1483 profecturus
1301 1438 1426 1470 morte
1447 1431 1650 1479 occubuit,
1679 1439 1725 1469 ut

277 1501 302 1525 a
321 1488 507 1540 Syncello
525 1487 714 1526 traditum
731 1489 759 1525 l.
777 1501 809 1525 c.
851 1495 1006 1525 auctore
1026 1501 1119 1527 vero
1135 1489 1255 1526 Treb.
1273 1489 1453 1526 Pollione
1474 1488 1606 1540 (Trig.
1622 1489 1723 1540 Tyr.

277 1557 314 1582 c.
341 1543 409 1595 18)
434 1557 512 1581 una
532 1557 623 1581 cum
643 1544 722 1581 filio
742 1545 891 1581 occisus
909 1551 982 1581 est.

389 1599 444 1636 ib.
469 1613 507 1637 v.
530 1601 596 1640 16.
655 1598 703 1636 de
720 1601 907 1637 Postumo
933 1602 1015 1637 sive
1033 1599 1236 1636 Postumio
1263 1599 1306 1636 in
1325 1599 1455 1636 Gallia
1472 1597 1723 1650 tyrannidem

275 1663 491 1706 occupante
508 1657 590 1692 iam
609 1667 727 1706 supra
748 1655 801 1707 (c.
819 1654 889 1706 38)
907 1657 1018 1706 egit.·
1058 1666 1265 1692 erroneum
1283 1661 1352 1703 est,
1382 1661 1426 1692 ut
1442 1655 1721 1693 Tillemontius

275 1710 519 1749 demonstrat
538 1711 584 1763 (t.
598 1713 624 1752 2
640 1724 679 1763 p.
702 1709 815 1762 357),
850 1711 956 1763 quod
973 1712 1007 1748 is
1025 1709 1102 1748 hoc
1120 1717 1296 1762 tempore
1317 1717 1507 1762 tanquam
1525 1718 1721 1762 superstes

274 1774 617 1816 commemoratur,
636 1769 705 1819 qui
720 1769 801 1804 iam
821 1774 909 1804 ante
928 1768 1056 1804 fuerat
1074 1768 1222 1804 occisus
1235 1779 1353 1819 quam
1366 1766 1519 1804 adeum
1529 1766 1721 1805 deiicien-

275 1822 373 1860 dum
385 1825 598 1861 aGallieno
620 1835 729 1860 arma
748 1829 870 1860 mota.
898 1824 954 1860 R.
1002 1823 1157 1860 turbata
1174 1821 1274 1860 haec
1292 1830 1384 1860 sunt
1406 1835 1507 1875 quae
1525 1825 1719 1862 aZosimo

272 1886 492 1928 narrantur,
502 1891 575 1916 nec
585 1885 667 1916 tam
677 1880 907 1917 iuPostumo
922 1892 1041 1931 quam
1051 1879 1092 1915 in
1104 1892 1235 1916 rerum
1244 1885 1488 1916 narratarum
1497 1878 1647 1917 ordine.
1669 1878 1719 1917 de

279 1934 461 1972 Gallieni
483 1936 726 1986 temporibus
756 1937 943 1973 extremis
962 1935 1114 1986 agitur:
1144 1947 1280 1973 caesus
1292 1937 1327 1972 is
1346 1947 1382 1972 a.
1401 1937 1482 1976 268
1501 1947 1555 1972 m.
1574 1936 1717 1973 Martio

272 2002 396 2041 prope
410 1990 692 2039 Mediolanum,
710 1990 896 2029 adversus
913 1991 1136 2029 Aureolum
1151 1991 1362 2042 profectus.
1391 1989 1463 2028 sed
1480 1990 1514 2028 is
1532 2003 1612 2028 non
1631 1997 1718 2029 tum

273 2045 437 2083 demum
452 2059 574 2084 novas
592 2060 654 2084 res
666 2048 826 2085 molitus
844 2054 947 2085 erat:
970 2060 1065 2084 nam
1076 2059 1177 2084 anno
1188 2049 1270 2083 iam
1280 2047 1361 2086 260
1371 2046 1420 2082 ab
1433 2048 1608 2084 exercitu
1615 2047 1717 2099 my·-

271 2102 343 2138 rici
361 2104 562 2152 Augustus
582 2109 664 2139 erat
677 2105 935 2141 renuntiatus.
976 2104 1189 2140 Postumus
1205 2103 1417 2153 imperium
1436 2103 1653 2153 arripuerat
1671 2104 1715 2140 in

270 2158 412 2195 Galliis
437 2170 472 2195 a.
493 2158 598 2207 259,
637 2159 751 2210 isque
781 2172 871 2196 cum
898 2159 978 2196 filio
1001 2160 1078 2196 fuit
1100 2171 1234 2196 caesus
1259 2157 1311 2195 ad
1328 2159 1624 2208 Moguntiacum
1639 2159 1712 2197 sub

269 2226 308 2250 a.
331 2215 413 2255 268
441 2215 573 2261 initia,
615 2214 754 2251 fraude
772 2215 825 2252 L.
848 2215 1034 2261 Aeliani,
1063 2215 1133 2268 qui
1161 2220 1200 2252 et
1217 2214 1426 2252 Laelianus
1452 2221 1490 2251 et
1509 2215 1713 2253 Lollianus

270 2270 515 2320 appellatur:
546 2268 616 2306 sed
631 2272 743 2307 numi
763 2270 950 2318 audiendi
967 2278 1070 2309 sunt.
1126 2271 1308 2308 Zosimus
1327 2268 1425 2307 adeo
1447 2269 1714 2308 defectionum

268 2326 383 2362 initia
402 2332 440 2362 et
462 2325 674 2362 novissima
693 2328 735 2362 iu
754 2340 877 2363 unum
894 2328 1064 2364 miscuit.
1121 2327 1285 2376 vestigia
1304 2332 1438 2362 tamen
1459 2328 1600 2364 similis
1616 2339 1712 2378 per-

267 2381 414 2431 plexae
431 2382 664 2419 narrationis
684 2390 890 2419 occurrunt
910 2382 1017 2434 apud
1034 2382 1208 2420 Trebell.
1230 2380 1322 2418 add.
1342 2383 1484 2419 Zonar.
1505 2396 1545 2434 p.
1560 2382 1642 2423 634
1661 2383 1706 2420 C.

268 2437 526 2483 Marcianus,
546 2439 616 2488 qui
629 2439 762 2475 statim
779 2446 1030 2486 memoratur,
1053 2438 1229 2475 diversus
1244 2438 1381 2489 utique
1404 2444 1462 2475 est
1473 2450 1496 2474 a
1510 2438 1710 2476 Macritmo

267 2492 446 2543 Augusto
465 2494 510 2531 in
528 2494 685 2531 Oriente
705 2492 821 2530 dicto.
880 2495 930 2530 cf.
954 2494 1129 2531 Trebell.
1148 2495 1191 2530 in
1209 2494 1388 2531 Gallieno
1410 2494 1461 2534 13
1492 2493 1559 2534 14.
1586 2493 1648 2530 Η.

377 2562 418 2600 p.
439 2551 492 2591 38
510 2561 548 2586 v.
572 2549 612 2589 1.
667 2551 856 2587 iniectum
878 2549 1042 2587 Claudio
1064 2550 1223 2597 crimen,
1254 2550 1346 2600 quia
1365 2550 1400 2586 is
1417 2561 1615 2586 successor
1630 2548 1709 2586 fuit

266 2603 386 2640 occisi
403 2605 660 2655 imperatoris,
680 2618 760 2643 non
777 2606 862 2643 sine
883 2618 999 2643 causa
1021 2605 1194 2651 videtui-3
1224 2617 1353 2657 neque
1373 2603 1417 2641 id
1439 2603 1563 2641 diluet
1582 2604 1706 2642 Treb-

265 2659 393 2696 Pollio
427 2659 486 2711 (in
505 2660 669 2699 Claudio
688 2675 721 2698 c.
748 2660 786 2712 l)
800 2690 810 2708 ‚
852 2661 980 2699 studio
1002 2661 1266 2710 Constantini,
1307 2661 1502 2713 originem
1521 2672 1635 2699 suam
1653 2671 1706 2698 ex

264 2713 429 2752 Claudia
444 2723 562 2766 gente
581 2716 772 2767 ducentis,
802 2724 1005 2769 suspectus
1023 2718 1203 2768 scriptor.

1803 2381 1812 2667 nQ-*.»2——„--.—.
1810 2319 1812 2322 .
1809 2288 1812 2307 .,
