1774 3002
248 98 313 146 96
863 97 1058 141 zosnm

250 213 346 270 ὅπερ
374 211 467 270 ἄχρι
495 216 565 255 νῦν
598 210 696 268 ὁρᾶν
722 209 844 253 ἕνεστι
870 218 956 261 τοῖς
991 211 1053 253 ἐπὶ
1085 210 1154 253 τὸν
1170 206 1461 264 Ἑλλήσποντον
1482 210 1679 252 πλέουσιν.

106 296 138 320 a.
160 286 229 322 329
251 281 383 324 ἐλθών
402 282 444 322 δὲ
463 282 517 330 εἲς
528 279 748 337 μετάμελον
767 281 833 320 καὶ
853 279 985 328 ἀτελὲς
1002 279 1047 320 τὸ
1068 278 1181 334 ἔργον
1201 277 1427 320 καταλιπὼν
1445 278 1507 319 ἐπὶ
1525 277 1570 319 τὸ
1592 274 1678 318 Βυ-

251 348 403 402 ζάντιον
437 348 510 405 ᾔει.
575 346 796 401 θαυμάσας
826 348 867 388 δὲ
899 347 971 401 τὴν
990 351 1061 401 τῆς
1083 345 1236 395 πόλεως
1253 346 1368 389 θέσιν
1389 344 1512 402 ἔκρινε
1530 343 1678 398 ταύτην

249 416 309 460 ὅτι
333 415 507 471 μάλιστα
531 415 700 469 αὐξῆσαι
723 417 789 456 καὶ
810 416 850 464 ἒς
869 415 1065 468 βασιλέως
1086 413 1236 468 οἷ’κησιν
1259 412 1456 469 ἃρμοδίαν
1477 416 1675 466 καταστῆ-

251 502 332 527 σαι.
399 491 520 526 κεῖται.
545 484 617 536 μὲν
643 483 718 539 γὰρ
752 481 778 537 ἡ
811 481 925 532 πόλις
954 484 1015 524 ἐπὶ
1048 481 1198 538 λόφου,
1233 481 1354 538 μέρος
1385 481 1578 534 ἐπέχουσα
1606 483 1711 524 τοῦδ
1767 482 1774 489 ’

252 555 405 606 ἶσθμοῢ
434 556 505 593 τοῦ
533 551 599 592 διὰ
626 555 699 592 τοῦ
729 552 971 603 καλουμένου
1002 550 1181 605 Κέρατος
1207 550 1273 590 καὶ
1306 553 1377 603 τῆς
1404 549 1681 604 Προποντίδος

253 620 543 673 ἓκτελουμένου.
564 631 565 634 ’
599 620 663 660 καὶ
685 618 730 659 τὸ
752 618 823 670 μὲν
848 617 1017 659 παλαιὸν
1037 616 1112 670 εἶχε
1135 617 1205 670 τὴν
1223 615 1350 671 πύλην
1370 617 1410 657 ἓν
1430 621 1479 672 τῇ
1495 619 1679 669 συμπλη-

253 686 370 744 ρώσει
403 691 481 729 τῶν
511 691 638 727 στοῶν
664 685 711 735 ἃς
741 688 919 741 Σεβῆρος
937 684 956 726 ὃ
975 684 1163 738 βασιλεὺς
1184 682 1492 740 ᾠκοδομήσατο,
1520 680 1680 724 παυσά-

251 773 370 809 μενος
399 759 470 808 τῆς
497 754 600 795 κατὰ
625 755 851 803 Βυζαντίων
882 753 1022 808 ὀργῆς,
1058 752 1118 794 ὅτι
1139 753 1290 807 Νίγρον
1305 750 1542 800 ’ὑπεδέξαντο
1561 751 1679 791 πολέ-

251 840 343 876 μιον
371 821 483 863 ὄντα·
514 821 559 863 τὸ
590 822 634 862 δὲ
667 828 793 873 τεῖχος
821 821 885 861 διὰ
920 825 992 862 τοῦ
1022 818 1148 875 λόφου
1176 819 1410 872 καθιέμενον
1433 813 1482 872 ἦν
1507 818 1584 859 ἀπὸ
1609 821 1682 859 τοῦ
1695 824 1737 857 lo

253 892 415 931 ὁύτικοῦ
435 889 581 944 με’ρους
604 888 695 943 ἄχρι
723 892 796 929 τοῦ
820 892 892 942 τῆς
913 888 1149 942 Ἀφροδίτης
1170 891 1269 928 ναοῦ
1293 888 1357 928 καὶ
1382 884 1595 940 θαλάσσης
1612 890 1684 939 τῆς

253 957 414 1013 ἀντικρὺ
442 955 758 1012 Χρυσοπόλεως,
796 955 873 996 ἀπὸ
900 956 942 996 δὲ
963 959 1035 996 τοῦ
1051 956 1208 1010 βορείου
1233 952 1360 1010 λόφου
1386 953 1489 996 κατὰ
1510 953 1578 995 τὸν
1598 953 1683 994 ἴσον

252 1023 399 1081 τρόπον
426 1024 560 1065 κατιὸν
587 1023 679 1078 ἄχρι
710 1027 781 1064 τοῦ
807 1024 963 1076 λιμένος
985 1021 1007 1063 ὃ
1027 1026 1191 1063 καλοῦσι
1212 1020 1393 1077 νεώριον,
1427 1023 1495 1063 καὶ
1509 1022 1684 1063 ἐπέκεινα

251 1093 366 1148 μέχρι
399 1090 612 1145 θαλάσσης
636 1090 663 1144 ἢ
692 1091 867 1133 κατευθὺ
897 1097 1020 1132 κεῖται
1039 1094 1111 1131 τοῦ
1130 1087 1327 1142 στόματος
1356 1089 1410 1130 δι’
1433 1083 1481 1131 οὗ
1499 1088 1599 1144 πρὸς
1616 1088 1684 1129 τὸν

251 1160 438 1210 Εὔξεινον
457 1158 667 1214 ἀνάγονται
686 1157 854 1200 Πόντον.
921 1162 1048 1212 μῆκος
1069 1158 1110 1199 δὲ
1129 1156 1204 1210 ἔχει
1223 1157 1267 1198 τὸ
1286 1157 1420 1199 στενὸν
1435 1161 1552 1198 τοῦτο
1567 1156 1683 1211 μέχρι
1697 1158 1738 1193 15

250 1232 325 1269 τοῦ
350 1225 511 1268 Πόντου
540 1227 710 1268 σταδίων
741 1227 833 1279 περί
854 1242 929 1266 που
955 1227 1202 1280 τριακοσίων.
1269 1223 1314 1266 τὸ
1335 1225 1407 1277 μὲν
1428 1218 1499 1265 οὖν
1519 1223 1685 1279 ἀρχαῖον

251 1300 323 1349 τῆς
353 1293 503 1343 πόλεως
529 1294 699 1348 μέγεθος
724 1298 839 1334 τοῦτο
869 1287 939 1346 ἦν*
975 1292 1125 1348 ἀγορὰν
1146 1292 1189 1333 ὁὲ
1206 1292 1247 1332 ἒν
1266 1295 1324 1348 τῷ
1343 1290 1449 1347 τόπῳ
1469 1291 1570 1332 καθ’
1596 1289 1684 1345 ὃνῆ

250 1361 354 1415 πύλη
385 1362 430 1402 τὸ
461 1361 627 1416 ἀρχαῖον
652 1355 700 1413 ἦν
725 1358 991 1413 οἰκοδομήσας
1022 1363 1260 1414 κυκλοτερῆ,
1294 1360 1360 1400 καὶ
1391 1365 1527 1408 στοαῖς
1554 1360 1695 1402 ‹itote-2

247 1430 331 1484 γε’σι
358 1426 506 1481 ταύτην
531 1425 776 1483 περιλαβών,
827 1425 981 1480 ἁψῖδας
1017 1425 1088 1468 δύο
1121 1424 1338 1481 μαρμάρου
1368 1427 1684 1482 Προικοννησίου

248 1498 436 1551 μεγίστας
466 1494 647 1549 ἀλλήλων
678 1494 814 1543 ἀντίας
841 1493 1093 1544 ἅπετύπωσε,
1130 1494 1186 1535 δι’
1213 1488 1268 1534 ὧν
1287 1492 1432 1536 ἔνεστιν
1455 1494 1612 1535 εἰσιέναι
1631 1495 1740 1543 εῗςΞΟ

247 1564 321 1613 τὰς
339 1561 519 1618 Σεβήρου
540 1562 662 1611 στοὰς
681 1563 746 1603 καὶ
766 1566 837 1615 τῆς
855 1561 979 1607 πάλαι
998 1560 1149 1610 πόλεως
1166 1562 1319 1611 ἐξιέναι.
1385 1565 1520 1618 πολλῷ
1537 1561 1580 1603 δὲ
1598 1562 1693 1614 μεί-.

248 1632 342 1682 ζονα
363 1630 434 1685 τὴν
455 1628 568 1671 πόλιν
586 1629 789 1686 ἀποφῆναι
808 1627 1073 1682 βουλόμενος,
1107 1633 1179 1670 τοῦ
1199 1627 1323 1670 πάλαι
1342 1630 1496 1682 τείχους
1512 1629 1687 1670 ἐπέκεινα

338 1738 357 1771 1
380 1736 450 1770 νῦν
474 1747 527 1769 om
548 1735 590 1769 P.
703 1731 783 1780 ἐπὶ]
807 1732 850 1769 τὸ
873 1731 939 1778 μὲν
960 1734 1004 1768 L.
1147 1736 1171 1770 9
1197 1730 1259 1769 ὅτε
1280 1735 1322 1771 Ρ.
1385 1763 1389 1766 t
1457 1735 1498 1768 11
1521 1731 1624 1778 μέχρι
1645 1733 1686 1770 L.

336 1780 578 1861 ὲῗοξιῖἑξῒιεσι
599 1780 670 1845 IfP.
715 1781 861 1815 fortasse
881 1779 1005 1814 rectius
1027 1777 1202 1824 διστέγοις
1227 1780 1264 1833 S.
1443 1780 1488 1814 19
1507 1790 1685 1823 προκονη-

250 1927 349 1962 quam
364 1915 399 1950 in
414 1917 515 1950 altum
532 1916 621 1959 egit3
645 1927 743 1960 quam
760 1915 866 1949 adhuc
882 1915 996 1949 videre
1012 1918 1083 1958 est,
1108 1915 1135 1948 si
1155 1915 1211 1960 qui
1226 1925 1344 1949 versus
1358 1913 1611 1959 Hellespontum
1627 1924 1688 1947 na·

251 1964 377 2005 vigent.
424 1962 483 1994 sed
500 1961 589 2005 quod
606 1971 678 1994 eum
695 1961 791 1994 huius
807 1961 917 2006 operis
931 1960 1071 1993 instituti
1086 1961 1324 2004 paenituisset,
1343 1971 1384 1993 eo
1400 1959 1537 2001 relicto,
1561 1964 1599 1992 ut
1613 1963 1688 1992 erat

249 2007 498 2051 imperfectum,
523 2006 717 2049 Byzantium
733 2006 916 2046 concessit;
948 2006 1041 2038 cuius
1057 2005 1147 2039 urbis
1161 2005 1257 2038 situm
1273 2005 1476 2045 admiratus,
1499 2015 1573 2037 eam
1586 2015 1686 2047 quam

251 2051 395 2085 maxime
418 2051 535 2084 statuit
559 2051 821 2095 amplificandam
846 2055 883 2083 et
908 2050 1113 2083 efficiendam
1131 2050 1280 2083 idoneam
1295 2054 1335 2082 nt
1349 2048 1508 2093 principis
1519 2049 1553 2082 in
1571 2060 1611 2082 ea
1625 2049 1688 2082 do-

250 2096 402 2130 micilium
427 2099 524 2128 esset.
573 2107 648 2128 nam
672 2096 753 2128 urbs
776 2096 810 2128 in
836 2095 920 2128 colle
940 2095 1006 2128 sita
1031 2100 1103 2136 est,
1127 2095 1198 2128 eius
1221 2094 1332 2127 isthmi
1355 2100 1484 2138 partem
1499 2093 1686 2138 complexa,

252 2151 349 2185 quem
374 2140 528 2172 isthmum
554 2140 586 2172 id
611 2139 700 2183 quod
725 2140 830 2173 Ceras
846 2140 917 2172 sive
933 2140 1048 2173 Cornu
1064 2145 1187 2173 vocant
1199 2144 1235 2172 et
1248 2139 1428 2183 Propontis
1446 2139 1606 2172 efficiunt.
1651 2144 1689 2172 et

250 2186 326 2219 olim
343 2184 476 2229 quidem
493 2196 532 2217 eo
547 2185 622 2217 loco
639 2189 766 2228 portam
783 2185 946 2225 habebat,
969 2196 1035 2229 quo
1058 2185 1208 2229 porticus
1228 2183 1304 2217 illae
1318 2183 1471 2217 desinunt
1486 2194 1569 2228 quas
1581 2183 1689 2228 impe-

247 2235 345 2264 rator
366 2230 516 2262 Severus
532 2229 715 2270 exstruxit,
739 2240 813 2263 cum
830 2241 907 2263 suas
922 2230 1084 2262 adversus
1101 2227 1282 2272 Byzantios
1296 2227 1364 2262 iras
1378 2229 1606 2273 deposuisset,
1628 2227 1688 2272 qui

250 2276 378 2309 hostem
393 2273 497 2318 ipsius
514 2273 656 2316 Nigrum
672 2274 705 2307 in
721 2276 835 2308 urbem
852 2275 1062 2309 admiserant.
1098 2284 1209 2306 murus
1223 2284 1305 2306 vero
1321 2284 1380 2318 per
1395 2274 1510 2306 collem
1525 2273 1686 2306 demissus

245 2321 290 2354 ab
305 2318 502 2354 occidentali
518 2324 615 2362 parte
633 2329 738 2362 usque
754 2320 795 2352 ad
812 2320 953 2353 Veneris
966 2319 1080 2352 aedem
1098 2324 1132 2352 et
1146 2319 1251 2362 ipsum
1267 2329 1356 2351 mare
1370 2317 1570 2363 pertinebat,
1594 2318 1686 2362 quod

245 2370 298 2398 est
323 2376 343 2398 e
369 2363 504 2407 regione
530 2363 760 2407 Chrysopolis.
807 2364 923 2397 eodem
944 2365 1039 2397 modo
1054 2368 1089 2397 et
1104 2364 1146 2397 ab
1163 2362 1340 2407 aquilonali
1356 2363 1440 2396 colle
1453 2363 1607 2396 deorsum
1622 2362 1686 2395 du-

246 2415 319 2443 ctus
335 2414 410 2442 erat
426 2419 529 2452 usque
544 2407 585 2440 ad
603 2413 732 2452 portum
743 2434 754 2449 ‚
778 2409 866 2452 quod
893 2409 1025 2442 Navale
1048 2409 1177 2449 dicunt,
1203 2413 1238 2441 et
1253 2408 1390 2441 ulterius
1405 2418 1511 2451 usque
1525 2407 1567 2440 ad
1583 2418 1686 2449 mare,

247 2454 334 2498 quod
359 2454 487 2487 directo
512 2452 609 2486 situm
634 2456 686 2485 est
710 2453 753 2485 ad
778 2453 811 2485 id
837 2454 954 2486 ostium
971 2465 1032 2498 per
1048 2453 1136 2497 quod
1151 2452 1184 2486 in
1202 2452 1343 2485 Pontum
1358 2452 1523 2486 Euxinum
1542 2452 1686 2485 adverso

245 2499 338 2532 flexu
370 2498 556 2541 navigatur.
601 2502 635 2529 et
650 2502 757 2530 artum
775 2498 904 2541 quidem
922 2499 983 2530 hoc
999 2498 1162 2542 spatium,
1186 2497 1228 2530 ad
1251 2498 1392 2531 Pontum
1408 2508 1513 2541 usque
1527 2496 1687 2530 trecentis

244 2544 321 2589 plus
345 2544 448 2577 minus
470 2542 581 2576 stadiis
603 2541 637 2575 in
666 2541 904 2584 longitudinem
929 2548 1033 2586 patet.
1091 2543 1173 2575 haec
1196 2542 1307 2586 prisca
1331 2542 1480 2575 civitatis
1501 2541 1684 2585 amplitudo

246 2593 331 2622 erat.
379 2588 616 2621 Constantinus
638 2591 748 2619 autem
770 2598 810 2620 eo
831 2588 906 2620 loco
929 2598 994 2631 quo
1011 2587 1170 2631 quondam
1192 2593 1290 2631 porta
1306 2591 1403 2629 erat,
1424 2590 1593 2620 exstructo
1609 2585 1686 2618 foro

244 2632 407 2674 rotundo,
442 2632 530 2677 quod
554 2631 736 2676 porticibus
758 2632 895 2675 distegis
920 2632 1074 2673 inclusit,
1110 2631 1251 2668 fornices
1266 2632 1349 2665 duos
1365 2642 1385 2664 e
1399 2641 1563 2664 marmore
1577 2631 1686 2664 Proe-

244 2677 379 2710 conesio
406 2678 566 2711 maximos
589 2676 693 2719 fecit,
717 2677 890 2721 oppositos
908 2677 993 2718 sibi3
1017 2688 1079 2720 per
1093 2687 1176 2720 quos
1190 2676 1240 2710 ire
1254 2677 1334 2710 licet
1348 2676 1382 2709 in
1397 2675 1518 2710 Severi
1534 2675 1685 2719 porticus

245 2725 279 2756 et
298 2722 383 2756 urbe
404 2723 518 2767 prisca
542 2721 670 2766 egredi.
715 2730 856 2767 cumque
878 2722 993 2756 urbem
1018 2721 1118 2766 longe
1140 2721 1300 2756 maiorem
1315 2721 1455 2756 efficere
1466 2720 1590 2763 vellet,
1610 2730 1686 2754 eam
