1774 3002
267 123 331 166 52
886 124 1080 167 zosnm

264 238 343 276 τῶν
363 236 649 291 Παλμυρηνῶν
669 232 799 276 τοίνυν
821 234 862 277 ἓν
884 237 942 292 τῷ
973 234 1050 292 πρὸ
1081 239 1151 290 τῆς
1171 233 1442 292 καθαιρέσεως
1458 233 1532 279 z'm
1554 241 1692 278 avrel*

265 301 421 343 θόντων
448 303 489 343 ἓν
519 306 578 358 τῷ
605 305 676 355 τῆς
705 300 844 359 ἑορτῆς
874 306 1000 359 καιρῷ
1030 304 1096 344 καὶ
1123 305 1178 352 εἲς
1206 303 1324 358 τιμὴν
1353 307 1424 358 τῆς
1454 308 1555 346 θεοῦ
1581 306 1693 359 δῶρα

260 374 416 424 χρυσοῦ
445 370 511 410 καὶ
543 368 717 425 ἀργύρου
746 372 812 411 καὶ
841 367 1091 425 ὑφασμάτων
1119 371 1222 412 κατὰ
1249 375 1320 425 τῆς
1339 373 1478 425 λίμνης
1498 371 1691 428 ἀφέντων,

262 435 421 478 πάντων
449 453 490 478 τε
525 440 597 477 τοῦ
625 435 785 489 βάθους
811 436 1110 490 καταδυόντων,
1154 438 1258 480 κατὰ
1273 438 1318 480 τὸ
1342 437 1526 493 ἐχόμενον
1546 438 1632 488 ἔτος
1651 439 1691 480 ἓν

260 508 318 561 τῷ
339 508 465 560 καιρῷ
483 508 554 557 τῆς
573 502 712 559 ἑορτῆς
732 504 933 561 ὤφθησαν
955 504 1204 562 αἰωρούμενα
1223 504 1378 558 πάντα,
1411 510 1482 561 τῆς
1502 510 1603 548 θεοῦ
1621 506 1721 548 &aas

247 570 402 613 ,τούτου
426 571 476 612 τὰ
496 569 664 624 ἐσόμενα
687 571 935 626 δηλωσάσης.
1647 581 1653 586 “

389 637 452 680 ‘H
463 639 536 691 μὲν
557 633 627 679 οὖν
647 640 702 687 εἷς
714 637 934 692 Ῥωμαίους
957 638 1134 692 εὐμένεια
1153 643 1225 680 τοῦ
1246 639 1360 681 θείου
1383 643 1455 694 τῆς
1474 639 1582 696 ἱερᾶς
1604 638 1694 694 ἄγι-

260 707 392 756 στείας
414 706 713 762 φυλαττομένης
733 705 919 761 τοιαύτη·
961 706 1118 748 ἐπειδὰν
1146 708 1189 748 δὲ
1216 709 1270 756 εἷς
1297 708 1465 756 ἐκείνους
1487 707 1693 764 ἀφίκωμαι

260 774 354 823 τοὺς
373 772 544 829 χρόνους
564 774 604 814 ἔν
625 771 686 822 οἷς
708 772 955 827 ἡῬωμαίων
977 774 1080 830 ἀρχὴ
1101 774 1203 816 κατὰ
1220 775 1353 830 βραχὺ
1373 779 1692 831 βαρβαρωθεῖσα

259 844 314 890 εἰς
336 842 465 895 ὀλίγον
485 857 546 890 τι,
581 842 647 881 καὶ
669 841 766 882 αὐτὸ
787 843 1028 898 διαφθαρέν,
1063 842 1267 897 περιέστη,
1297 846 1511 895 τηνικαῦτα
1532 843 1598 884 καὶ
1619 842 1692 891 τὰς
1704 849 1746 882 10

259 910 389 957 αἰτίας
414 905 660 962 παραστήσω
685 913 756 949 τοῦ
783 908 1103 962 δυστυχήματος,
1143 911 1210 950 καὶ
1230 908 1323 958 τοὺς
1341 909 1549 965 χρησμοὺς
1566 907 1620 958 ὥς
1642 908 1692 950 ἂν

258 974 341 1025 οἷός
377 992 418 1017 τε
465 969 497 1016 ὦ
539 974 831 1029 παραθήσομαι
877 976 972 1026 τοὺς
1011 976 1062 1018 τὰ
1105 976 1386 1030 συνενεχθέντα
1425 975 1693 1031 μηνύσαντας.

257 1043 379 1097 (59)
407 1044 636 1084 ἐπανελθεῖν
659 1044 702 1084 δὲ
722 1044 819 1092 τέως
836 1043 974 1099 καιρὸς
995 1042 1091 1085 ὅθεν
1111 1044 1248 1098 ἐξέβην
1254 1075 1268 1096 ,
1306 1045 1375 1085 ἰ’να
1400 1044 1458 1099 μὴ
1490 1044 1563 1099 τὴν
1580 1043 1691 1094 τάξιν

259 1115 329 1165 τῆς
349 1111 525 1166 ἱστορίας
548 1110 669 1163 ἀτελῆ
691 1109 794 1160 δόξω
816 1109 1137 1164 καταλιμπάνειν.

390 1178 652 1234 Αὖρηλιανοῦ
672 1179 803 1219 τοίνυν
823 1179 885 1219 ἐπὶ
907 1179 978 1232 τὴν
999 1176 1197 1234 Εὐρώπην
1215 1174 1471 1228 ἐλαύνοντος,
1507 1179 1572 1219 καὶ
1593 1193 1689 1219 συν-
1702 1185 1745 1225 15

255 1243 468 1301 επάγοντός
490 1245 527 1286 οἱ
547 1247 752 1298 Ζηνοβιάν
781 1262 822 1287 τε
853 1248 920 1286 καὶ
950 1245 1020 1287 τὸν
1050 1247 1174 1287 παῖδα
1199 1245 1267 1286 τὸν
1286 1243 1434 1299 ταύτης
1452 1246 1519 1286 καὶ
1539 1243 1691 1294 πάντας

254 1312 339 1354 ὅσοι
362 1317 433 1366 τῆς
452 1310 756 1361 ἐπαναστάσεως
777 1312 911 1362 αὐτοῖς
927 1311 1189 1367 ἐκοινώνησαν
1196 1344 1209 1362 ,
1250 1312 1374 1366 αὐτὴν
1398 1312 1470 1365 μὲν
1487 1313 1690 1366 Ζηνοβίαν

255 1382 378 1436 φασὶν
409 1379 435 1433 ἢ
462 1378 567 1435 νόσῳ
595 1382 822 1434 ληφθεῖσαν
841 1379 867 1433 ἢ
890 1385 1043 1435 τροφῆς
1060 1383 1300 1432 μεταλαβεῖν
1322 1379 1394 1420 οὐκ
1418 1379 1691 1434 ἀνασχομένην

255 1448 497 1496 ἀποθανεῖν,
539 1445 633 1494 τοὺς
666 1447 708 1487 δὲ
739 1446 885 1496 ἄλλους
911 1448 1013 1501 πλὴν
1041 1452 1114 1488 τοῦ
1136 1448 1338 1501 Ζηνοβίας
1356 1447 1500 1496 παιδὸς
1519 1449 1561 1488 ἓν
1579 1448 1690 1504 μέσῳ

255 1519 328 1556 τοῦ
345 1514 494 1567 μεταξὺ
514 1512 777 1567 Χαλκηδόνος
795 1517 859 1555 καὶ
874 1516 1094 1565 Βυζαντίου
1113 1519 1305 1570 πορθμοῦ
1319 1518 1745 1568 καταποντωθῆναι.20

255 1582 378 1636 (60)
410 1581 596 1634 ἐχομένου
616 1582 658 1622 δὲ
682 1581 943 1637 Λῧρηλιανοῦ
955 1587 1034 1635 τῆς
1053 1584 1113 1622 ἐπὶ
1133 1582 1204 1636 τὴν
1221 1579 1420 1638 Εὐρώπην
1438 1580 1535 1623 ὃόοὕ
1545 1613 1557 1632 ,
1592 1599 1690 1623 κατ-

253 1651 392 1703 έλαβεν
426 1649 585 1703 ἀγγελία
614 1647 798 1702 τοιαύτη,
844 1647 899 1699 ὥς
932 1654 1011 1691 τῶν
1038 1651 1079 1690 ἐν
1106 1648 1314 1706 Παλμύρᾳ
1343 1650 1690 1705 καταλειφθέντων

254 1718 354 1766 τινὲς
368 1717 538 1770 Ἀψαΐον
558 1714 879 1772 παραλαβόντες,
913 1716 957 1767 ὃς
977 1719 1043 1759 καὶ
1065 1722 1144 1759 τῶν
1164 1714 1448 1773 προλαβόντων
1470 1716 1604 1768 αὐτοῖς
1623 1717 1690 1772 γέ-

251 1856 289 1878 se
303 1855 371 1877 non
385 1843 542 1877 attollant
555 1842 616 1878 sed
631 1843 876 1887 demergantur.
920 1843 1111 1888 Palmyreni
1125 1856 1205 1889 ergo
1216 1871 1226 1889 ,
1259 1855 1330 1878 cum
1344 1847 1496 1890 tempore
1510 1843 1690 1878 celebrita-

252 1889 296 1922 tis
312 1900 398 1923 anno
415 1894 493 1922 ante
506 1900 599 1922 suum
614 1889 783 1923 interitum
800 1888 948 1933 proximo
964 1900 1037 1923 cum
1052 1889 1124 1923 aliis
1139 1890 1204 1924 huc
1218 1890 1461 1932 convenissent,
1484 1889 1565 1922 etin
1582 1889 1689 1922 hono-

251 1945 321 1967 rem
346 1934 430 1967 deae
453 1934 542 1967 dona
566 1934 683 1978 partim
707 1945 809 1968 aurea
831 1934 948 1979 partim
965 1939 1127 1978 argentea
1146 1935 1264 1979 partim
1279 1935 1409 1968 textilia
1423 1933 1642 1967 coniecissent
1655 1934 1689 1967 in

251 1979 371 2021 lacum,
400 1989 507 2022 eaque
523 1978 630 2011 omnia
646 1979 919 2021 demergerentur
934 1979 968 2011 in
983 1980 1195 2023 profundum,
1217 1991 1302 2013 anno
1318 1979 1488 2024 proximo,
1511 1978 1689 2012 celebrita-

187 2051 193 2057 ,
252 2023 294 2057 tis
309 2022 456 2056 eiusdem
470 2029 643 2067 tempore,
675 2028 855 2068 conspecta
874 2025 1011 2056 suerunt
1031 2024 1139 2057 omnia
1161 2024 1197 2058 in
1210 2024 1388 2068 superficie
1401 2023 1588 2066 fluitantia5
1619 2034 1688 2068 qua

252 2067 385 2112 quidem
401 2078 438 2100 re
453 2067 525 2109 dea,
549 2078 635 2111 quae
650 2069 762 2101 futura
779 2072 900 2110 essent,
922 2068 1134 2111 significavit.

345 2114 393 2145 Ac
414 2111 556 2144 numinis
578 2112 709 2155 quidem
724 2111 881 2146 Romanis
897 2113 1037 2158 propitii
1055 2113 1303 2156 benevolentia,
1336 2112 1491 2158 quamdiu
1515 2123 1686 2147 sacrorum

252 2157 338 2191 ritus
352 2157 560 2198 servabatur,
585 2157 769 2190 huiusmodi
785 2156 860 2190 fuit.
905 2167 1020 2190 verum
1035 2164 1167 2201 postea,
1189 2170 1262 2191 cum
1281 2157 1323 2191 ad
1339 2169 1380 2191 ea
1394 2165 1547 2202 tempora
1564 2169 1688 2202 perve-

251 2213 331 2236 nero
347 2201 466 2246 quibus
481 2202 683 2244 temporibus
700 2202 883 2235 Romanum
895 2201 1066 2246 imperium
1082 2204 1238 2247 paulatim
1254 2203 1440 2237 barbariam
1454 2203 1618 2248 quandam
1633 2203 1687 2237 in-

252 2247 345 2290 duit,
372 2246 414 2279 ad
430 2245 585 2287 exiguum
600 2246 678 2289 quid
694 2247 886 2288 redactum,
911 2247 1000 2291 qnod
1014 2247 1119 2291 ipsum
1134 2259 1267 2293 quoque
1281 2253 1474 2293 corruptum
1491 2253 1561 2288 est,
1585 2248 1687 2283 etiam

253 2302 372 2326 causas
385 2290 585 2324 infelicitatis
600 2291 668 2324 eius
685 2303 847 2336 exponam
862 2295 898 2325 et
912 2292 1045 2325 oracula
1060 2305 1122 2337 pro
1137 2294 1263 2327 viribus
1279 2293 1451 2335 adiiciam,
1474 2293 1595 2338 quibus
1607 2304 1687 2327 ora-

254 2337 337 2371 culis
360 2347 402 2370 ea
421 2345 507 2380 quae
529 2335 702 2378 contigere
719 2338 853 2370 suerunt
865 2336 1020 2373 indicata.
1068 2339 1156 2382 (59)
1179 2349 1266 2371 nunc
1282 2350 1363 2372 vero
1379 2343 1510 2382 tempus
1527 2338 1632 2371 fuerit
1647 2342 1688 2372 ut

253 2394 295 2415 eo
311 2384 465 2415 reverta-r
478 2380 564 2414 unde
582 2380 749 2424 digressus
763 2393 835 2415 sum
845 2407 856 2424 ‚
891 2393 935 2415 ne
949 2381 1107 2416 historiae
1120 2383 1240 2417 seriem
1253 2383 1482 2428 imperfectam
1496 2383 1686 2428 relinquere

251 2427 378 2462 videar.
1630 2440 1633 2441 ⁷

341 2471 449 2516 Igitur
462 2469 641 2504 Aureliano
661 2481 777 2503 versus
794 2471 965 2516 Europam
988 2477 1160 2516 movente,
1191 2472 1441 2516 Zenobiamque
1459 2483 1533 2506 cum
1556 2471 1625 2506 filio
1649 2477 1686 2507 et

250 2517 371 2550 ceteris
387 2515 535 2550 omnibus
551 2514 608 2559 qui
623 2515 811 2548 rebellionis
827 2517 1006 2562 participes
1020 2518 1157 2550 fuerant
1173 2529 1285 2551 secum
1308 2518 1468 2560 ducente,
1501 2517 1685 2552 Zenobiam

250 2562 382 2605 quidem
396 2562 501 2605 ipsam
514 2559 618 2601 aiunt,
640 2560 696 2593 vel
710 2561 826 2594 morbo
842 2568 1028 2606 correptam
1043 2562 1100 2596 vel
1112 2573 1134 2595 a
1147 2562 1230 2595 cibis
1244 2563 1476 2604 abstinentem,
1491 2562 1684 2606 decessisse,

250 2606 395 2650 reliquos
410 2611 520 2639 autem
531 2630 542 2648 ‚
574 2609 716 2650 excepto
732 2605 901 2639 Zenobiae
918 2606 988 2640 filio
1000 2634 1010 2650 ‚
1039 2607 1073 2641 in
1089 2607 1195 2640 medio
1210 2607 1377 2641 interiecti
1391 2606 1594 2640 Chalcedoni
1607 2607 1684 2650 By-

249 2651 426 2695 zantioqne
441 2650 521 2685 freti
533 2650 731 2684 submersos.
777 2651 859 2694 (60)
873 2651 980 2685 eidem
994 2652 1169 2686 Aureliano
1183 2651 1250 2685 iter
1261 2653 1294 2686 in
1309 2652 1479 2696 Europam
1494 2662 1588 2685 suum
1602 2663 1683 2697 per-
1724 2675 1731 2678 -

247 2696 400 2738 sequenti
417 2695 549 2730 nuntius
563 2695 684 2729 allatus
698 2698 752 2729 est
765 2695 937 2738 eiusmodi,
961 2697 1120 2741 quosdam
1135 2697 1268 2731 relictos
1284 2697 1373 2742 apud
1387 2696 1577 2740 Palmyram
1587 2711 1607 2739 ,·
1620 2707 1682 2730 na-

246 2744 320 2773 ctos
335 2742 499 2786 Apzaeum
509 2765 518 2783 ‚
549 2740 608 2786 qui
623 2744 660 2776 et
674 2739 930 2786 praeteritorum
944 2746 1062 2777 auctor
1081 2742 1128 2778 eis
1146 2742 1322 2778 exstiterat
1332 2768 1344 2787 ,
1365 2746 1498 2778 mutare
1511 2740 1683 2776 Marcelli-
