1774 3002
254 65 319 116 42
877 71 1077 116 zosnm

250 198 353 238 μασι
373 181 579 238 Ῥωμαίων
611 181 974 241 συνηριθμήθησαν
1015 184 1043 241 ἢ
1083 189 1157 242 γῆν
1199 181 1388 240 λαβόντες
1417 186 1474 237 εἷς
1507 186 1698 243 γεωργίαν

251 249 378 308 ταύτῃ
394 252 775 310 προσεκαρτέρησαν.
835 251 1046 308 ἁψαμένου
1074 255 1118 297 δὲ
1140 258 1213 296 τοῦ
1233 258 1376 308 λοιμοῦ
1397 255 1465 296 καὶ
1477 251 1697 308 Ῥωμαίων,

253 318 456 363 ἀπέθανον
479 321 552 375 μὲν
573 322 713 362 πολλοὶ
738 325 811 363 τοῦ
841 320 1157 379 στρατεύματος,
1191 326 1355 381 τελευτᾷ
1388 322 1432 365 δὲ
1464 323 1532 364 καὶ
1556 321 1698 364 Κλαύ-

252 388 358 440 διος,
393 389 433 430 ἒν
453 387 600 438 πάσαις
619 390 847 445 διαπρέψας
868 397 957 441 ταῖς
975 390 1133 449 ἀρεταῖς
1156 392 1224 433 καὶ
1251 390 1377 432 πολὺν
1399 387 1544 432 ἑαυτοῦ
1567 388 1698 432 πόθον

248 462 333 507 τοῖς
351 453 540 510 ὑπηκόοις
563 457 867 511 ἔναποθέμενος.
1707 464 1730 500 5
1772 511 1774 513 q

47 522 241 565 Quintillus.
385 522 466 570 47·
530 526 753 567 Κυντίλλου
788 526 852 578 δέ,
887 524 932 576 ὃς
955 525 1130 583 ἀδελφὸς
1158 520 1209 581 ἦν
1237 525 1470 577 Κλαυδίου,
1501 524 1701 580 βασιλέως

251 590 549 648 ἀναρρηθέντος
583 593 740 649 ὀλίγους
780 611 823 636 τε
863 592 1087 648 βιώσαντος
1126 599 1257 649 μῆνας
1297 595 1364 636 καὶ
1392 591 1553 648 μνήμης
1585 593 1699 635 οὐδέν

31 659 241 698 Aurelianus.
252 659 362 710 ἄξιον
397 659 668 718 πεπραχότος,
702 661 962 718 Αὖρηλιανός
1000 665 1056 713 εἷς
1083 662 1151 705 τὸν
1181 663 1384 716 βασίλειον
1418 659 1700 716 ἀναβιβάζεται

90 718 123 743 ³*
147 708 214 743 27⁰
248 726 413 785 θρόνον,
437 731 662 771 Κυντίλλου
685 728 789 772 κατά
807 747 917 781 τινας
937 735 1016 773 τῶν
1037 734 1256 787 λογοποιῶν
1272 728 1350 772 ὕπὸ
1371 733 1451 772 τῶν
1472 729 1700 784 ἐπιτηδείων

249 797 643 850 συμβουλευθέντος,
680 796 766 851 ἅμα
788 802 846 855 τῷ
870 802 1014 854 γνῶναι
1036 799 1108 854 τὴν
1128 799 1336 853 βασιλείαν
1355 797 1602 854 Αὖρηλιανῷ
1618 813 1699 838 πα-
1710 805 1754 841 10

251 865 532 921 ραδεδομένην,
557 863 699 908 ἑαυτὸν
714 864 972 922 ὑπεξαγαγεῖν
990 868 1056 908 καὶ
1079 865 1220 909 ἑκόντα
1238 870 1311 920 τῆς
1328 865 1455 922 ἀρχῆς
1477 865 1699 919 ἀποστῆναι

250 936 309 990 τῷ
327 936 462 989 πολλῷ
484 934 688 989 κρείττονι.
756 932 778 975 ὃ
810 934 860 989 δὴ
887 936 954 976 καὶ
971 935 1222 990 πεποιηκέναι
1246 934 1411 989 λέγεται,
1446 937 1525 976 τῶν
1550 934 1699 989 ἰατρῶν

251 999 358 1052 τινὸς
388 1001 519 1057 φλέβα
538 999 725 1056 τεμόντος
747 1002 857 1059 αὐτῷ
877 1004 944 1044 καὶ
977 1001 1159 1053 ἐνδόντος
1177 1002 1314 1060 ῥεῦσαι
1339 1001 1385 1044 τὸ
1410 998 1526 1055 αἷμα,
1559 1000 1699 1056 μέχρις

254 1062 354 1118 αὖος
388 1068 550 1124 ἐγένετο.
648 1067 774 1124 (48)
819 1070 1077 1127 Λύρηλιανὸς
1112 1071 1156 1113 δὲ
1195 1067 1490 1127 κρατυνάμενος
1516 1067 1588 1123 τὴν
1622 1067 1700 1125 ἄρ-

247 1135 329 1190 χὴν
347 1138 414 1178 καὶ
431 1138 473 1178 ἐκ
489 1141 561 1191 τῆς
573 1135 731 1192 Ῥώμης
752 1135 899 1188 ἐλάσας
921 1139 984 1180 ε’πὶ
1013 1138 1085 1193 τὴν
1109 1139 1320 1193 Ἀκυληΐαν
1345 1134 1485 1193 ἐχώρει
1514 1136 1698 1178 κάκεῖθεν
1709 1143 1752 1180 15

251 1203 421 1258 ἤλαυνεν
447 1205 509 1246 ε’πὶ
537 1204 588 1247 τὰ
607 1204 799 1247 Παιόνων
820 1205 934 1260 ἔθνη,
961 1204 1117 1256 τούτοις
1139 1206 1233 1256 τοὺς
1254 1203 1423 1254 Σκύθας
1437 1203 1588 1258 μαθὼν
1612 1204 1698 1245 ἔπι-

250 1272 419 1314 θέσθαι.
483 1272 648 1326 πέμψας
677 1274 721 1314 δὲ
755 1271 928 1323 σκόπους
957 1273 1274 1329 ἀπαγγέλλοντας
1304 1274 1524 1327 εἰσαγαγεῖν
1553 1273 1608 1321 εἷς
1626 1270 1699 1321 τὰς

249 1338 383 1389 πόλεις
416 1341 522 1382 σιτιά
548 1342 615 1381 καὶ
649 1342 731 1398 ζῷα
764 1342 832 1382 καὶ
861 1345 941 1383 πᾶν
970 1340 993 1383 ὅ
1022 1358 1060 1383 τι
1093 1336 1163 1383 οὖν
1194 1340 1289 1390 τοὺς
1319 1340 1519 1389 ἐναντίους
1539 1338 1697 1393 ἔμελλεν

248 1405 469 1463 ὠφελήσειν
476 1439 491 1459 ,
525 1406 651 1464 ταύτῃ
676 1407 745 1451 τὸν
774 1404 1013 1462 ἐπικείμενον
1040 1408 1175 1459 αὐτοῖς
1203 1407 1320 1462 λιμὸν
1344 1406 1476 1457 αὔξειν
1499 1408 1696 1449 διενοεῖτο.

248 1475 552 1530 περαιωθέντων
578 1476 622 1517 δὲ
648 1481 727 1518 τῶν
755 1475 978 1533 βαρβάρων
1001 1478 1068 1518 καὶ
1089 1475 1224 1530 μάχης
1245 1478 1286 1518 ἒν
1315 1479 1365 1532 τῇ
1386 1475 1564 1534 Παιονίᾳ
1583 1482 1752 1531 ymo-20

247 1542 369 1597 μένης
397 1544 635 1595 ἷσοπαλοῦς,
669 1543 741 1595 νὺξ
774 1544 1022 1606 ἔπιγενομέιή
1053 1543 1126 1599 τὴν
1151 1546 1261 1600 νίκην
1285 1541 1541 1601 ἀμφήριστον
1555 1542 1694 1600 ἄμφο-

337 1706 356 1740 1
381 1705 658 1749 συνηρίθμησαν
676 1705 750 1740 LP.
904 1706 928 1741 7
951 1705 1170 1740 Casaubonus
1184 1704 1312 1739 mavult
1327 1701 1451 1747 ὀλίγας
1468 1722 1515 1729 -
1534 1699 1695 1747 ἦμέραςς

336 1761 423 1829 ἰ1)(())ιιιιί
425 1750 688 1832 ὲηὶῐρὲεἰωῗιὶιιέ
706 1751 862 1831 1Z3onaras
890 1751 995 1786 habet
1017 1749 1262 1786 ἑπτακαίδεκα
1286 1746 1446 1807 ἡμέραςς
1478 1748 1568 1784 idem
1587 1748 1696 1784 Treb-

249 1947 430 1984 incolumes
453 1961 592 1985 evasere
611 1951 668 1985 vel
692 1950 883 1995 legionibus
899 1951 1059 1986 Romanis
1082 1949 1244 1996 adscripti
1257 1951 1348 1991 sunt,
1371 1947 1428 1983 vel
1441 1950 1564 1982 terram
1580 1947 1697 1982 colen-

249 1994 325 2028 dam
348 1994 439 2028 nacti
452 1999 543 2029 totos
567 1996 795 2040 agriculturae
816 2008 853 2031 se
874 1997 1083 2030 dediderunt.
1127 1995 1190 2029 sed
1213 1995 1301 2038 quod
1315 1994 1351 2028 in
1373 1994 1543 2028 Romanos
1562 2004 1698 2038 quoque

248 2038 355 2084 pestis
382 2040 514 2074 saevire
538 2041 724 2085 coepisset,
747 2053 821 2075 cum
849 2041 905 2074 alii
924 2042 1108 2087 complures
1131 2040 1167 2073 iu
1193 2039 1345 2073 exercitu
1370 2038 1494 2072 mortui
1514 2043 1603 2082 sunt,
1624 2043 1696 2072 tum

251 2083 350 2117 etiam
372 2084 532 2118 Claudius
548 2086 684 2119 vivendi
697 2086 797 2119 finem
812 2086 906 2128 fecit,
921 2086 977 2120 vir
992 2085 1078 2120 omni
1093 2095 1218 2127 genere
1235 2084 1397 2118 virtutum
1411 2086 1561 2126 ornatus,
1583 2087 1621 2117 et
1636 2082 1695 2128 qui

249 2139 404 2173 magnum
419 2129 471 2164 sui
485 2130 683 2164 desiderium
696 2131 902 2165 subditorum
916 2131 1032 2165 animis
1045 2130 1184 2164 inditum
1198 2129 1343 2174 reliquit.
1454 2167 1456 2170 f

338 2175 395 2209 47.
442 2175 620 2215 Quintillus
645 2176 741 2218 inde,
763 2176 893 2209 Claudii
907 2177 1031 2218 frater,
1053 2175 1162 2210 dictus
1180 2179 1233 2208 est
1246 2174 1446 2219 imperatum
1469 2171 1528 2217 qui
1541 2171 1600 2207 ubi
1674 2189 1694 2197 -

247 2230 375 2265 paucos
390 2230 517 2254 menses
533 2220 674 2255 vixisset
688 2224 724 2255 et
738 2221 819 2255 nihil
837 2220 995 2255 memoria
1017 2220 1153 2264 dignum
1173 2219 1344 2264 gessisset,
1366 2217 1564 2253 Aurelianus
1579 2183 1695 2252 afg-

246 2265 342 2309 gium.
352 2265 469 2299 solium
485 2266 658 2308 evehitur,
684 2278 757 2300 cum
780 2265 931 2310 quidem,
955 2265 1060 2300 veluti
1075 2266 1258 2310 scriptores
1277 2264 1488 2298 historiarum
1502 2263 1606 2308 aliqui
1619 2266 1693 2299 tra-
1750 2280 1754 2283 ⁵
1771 2264 1774 2269 '

247 2310 345 2351 dunt,
366 2310 528 2350 Quintillo
553 2311 731 2345 necessarii
756 2311 809 2345 sui
833 2311 975 2345 fuissent
999 2315 1166 2353 auctores,
1187 2309 1388 2354 simulatque
1409 2308 1575 2353 cognitum
1602 2310 1694 2341 esset
1768 2305 1774 2318 ⁸

247 2355 429 2390 Aureliano
444 2354 589 2390 delatum
602 2356 776 2401 imperium
787 2382 797 2399 ‚
821 2361 860 2390 ut
872 2361 1010 2391 mortem
1025 2356 1090 2391 sibi
1106 2355 1330 2390 conscisceret
1346 2366 1386 2389 ac
1399 2356 1502 2388 multo
1516 2365 1555 2388 se
1568 2351 1693 2398 potiori

241 2406 364 2446 sponte
378 2411 440 2435 sua
452 2400 495 2434 de
509 2401 646 2445 imperio
663 2401 820 2443 cederet3
843 2402 932 2445 quod
948 2406 984 2435 et
1001 2402 1122 2436 fecisse
1136 2400 1344 2446 perhibetur,
1367 2411 1388 2434 a
1403 2399 1531 2434 medico
1549 2397 1691 2443 quodam

242 2457 331 2480 vena
344 2451 438 2480 secta
452 2446 712 2490 continuatoque
728 2446 822 2480 fluxu
839 2447 1026 2490 sanguinis,
1052 2447 1161 2480 donec
1186 2446 1384 2479 exaruisset.
1433 2443 1514 2488 (48)
1536 2442 1692 2477 Aurelia-

241 2502 304 2524 nus
319 2495 450 2532 autem,
472 2491 668 2526 confirmato
684 2491 846 2536 imperio,
879 2503 953 2525 cum
979 2493 1120 2526 Romam
1144 2490 1321 2534 movisset,
1347 2489 1532 2534 Aquileiam
1549 2491 1691 2522 conten-

243 2536 307 2578 dit,
330 2541 366 2570 et
376 2536 496 2571 deinde
509 2537 718 2571 Pannonicas
734 2536 779 2570 ad
791 2537 945 2571 nationes
960 2537 1124 2581 accessit,
1147 2547 1230 2580 quas
1246 2547 1268 2569 a
1283 2535 1422 2579 Scythis
1435 2532 1549 2567 invadi
1562 2543 1690 2576 coguo-

245 2585 353 2616 verat.
400 2593 539 2627 cumque
553 2582 696 2617 misisset
711 2581 755 2616 ad
770 2593 828 2616 eos
841 2583 1094 2627 exploratores,
1119 2581 1179 2626 qui
1203 2581 1397 2615 nuntiarent
1419 2582 1459 2612 ut
1482 2588 1630 2612 annonas
1655 2580 1691 2611 et

244 2625 392 2661 lumenta
407 2631 443 2662 et
456 2627 612 2672 quicquid
626 2627 716 2662 aliud
731 2627 885 2662 hostibus
901 2627 975 2661 usui
991 2628 1138 2661 futurum
1161 2631 1251 2660 esset
1263 2626 1298 2659 in
1313 2624 1437 2670 oppida
1452 2623 1690 2663 conveherent,

245 2670 309 2705 hac
330 2671 461 2706 ratione
479 2673 619 2715 famem,
640 2683 728 2717 quae
751 2673 865 2706 hostes
888 2673 1055 2716 urgebat,
1090 2683 1216 2715 augere
1240 2671 1422 2714 cogitabat.
1474 2671 1690 2714 posteaquam

244 2715 379 2753 barbari
392 2717 516 2753 flumen
531 2717 792 2761 transiecissent,
809 2722 846 2753 et
859 2717 894 2752 in
904 2717 1076 2752 Pannonia
1088 2716 1217 2763 proelio
1232 2715 1368 2761 ancipiti
1382 2712 1573 2748 dimicatum
1587 2715 1689 2752 aaut,
