1734 3002
57 798 92 832 p.
119 796 172 822 vn

199 136 229 165 x
729 124 1089 168 REITEMEIERI

199 243 320 286 misit.
377 242 536 283 editioni
550 245 711 282 Latinae
729 244 809 293 illi,
838 252 991 296 praeter
1007 252 1119 283 notas
1134 245 1415 284 sententiarum
1431 251 1626 284 ‘summam

201 312 442 350 continentes
469 318 507 350 et
532 311 846 361 emendationes,
873 319 1056 364 utrasque
1088 311 1139 349 ad
1169 325 1279 350 oram
1302 312 1394 351 libri
1417 314 1624 364 appositas,

199 378 311 414 nulla
339 386 582 416 accesserunt
612 385 853 419 ornamenta.
908 380 951 416 in
983 380 1111 417 fronte
1139 380 1266 430 posita
1291 385 1351 417 est
1374 377 1532 416 editoris
1555 393 1625 431 pro

196 445 356 486 Zosimo
383 446 583 497 apologIa,
612 454 656 484 ut
685 453 838 484 scutum
864 453 1111 497 praetentum
1140 443 1325 483 adversus
1351 443 1560 497 Nicephori
1587 453 1625 483 et

196 511 357 562 Evagrii
383 513 517 550 suffles
543 511 724 565 quidem,
751 526 888 564 graves
915 521 1048 553 tamen
1073 513 1143 550 illa
1168 519 1294 550 aetate
1313 519 1352 550 et
1367 514 1514 550 Zosimi
1533 512 1626 550 fidei

195 578 358 619 infestas
382 581 682 617 criminationes.
739 581 836 629 alia,
866 582 1045 632 quamvis
1065 593 1146 617 non
1162 580 1281 616 totius
1302 577 1507 629 historiae,
1534 593 1627 619 ver-

193 646 272 694 sIo‚
300 648 448 697 passim
477 645 718 698 discrepans,
748 654 876 688 exstat
906 649 949 685 in
975 647 1146 685 H1storia
1173 648 1372 698 Augusta,
1400 659 1502 700 quae
1524 649 1625 686 circa

192 725 340 750 annum
361 715 467 755 1600
486 715 614 752 lucem
635 714 748 752 vidit.

307 782 414 827 Quae
442 782 581 819 Latine
606 781 734 821 studio
761 782 989 820 Leunclavii
1010 779 1205 833 prodierat
1225 778 1411 830 historia,
1440 793 1487 819 ea
1501 783 1624 820 inter-

192 848 330 897 positis
348 848 521 899 quinque
539 850 650 888 annis
680 848 829 901 (1581,
859 855 898 886 et
915 850 1021 890 1611
1041 845 1229 899 repetita)
1259 859 1376 898 opera
1395 847 1624 899 HStephani

195 927 285 951 cum
303 913 526 952 Herodiano
545 916 691 952 Graece
711 916 825 963 exiit,
852 916 1030 955 versione
1046 915 1336 956 Leunclaviana
1354 922 1394 952 et
1407 916 1622 962 nonnullis,

195 984 374 1033 quamvis
390 983 592 1033 perpaucis
604 1011 614 1030 ,
644 982 961 1032 castigationibus
983 988 1022 1019 et
1039 982 1183 1020 notulis
1202 983 1402 1020 instructa.
1457 988 1622 1035 utraque

195 1048 315 1088 editio
328 1079 338 1098 ,
369 1049 500 1100 dispar
523 1049 650 1087 forma
669 1056 707 1086 et
726 1047 862 1087 ordine
874 1078 884 1097 ,
913 1050 955 1085 in
975 1049 1135 1101 reliquis
1154 1049 1229 1089 sibi
1248 1050 1409 1099 similis,
1437 1049 1622 1101 Lugduni

193 1117 324 1156 lucem
354 1115 473 1154 vidit:
506 1118 676 1154 continet
699 1123 830 1153 autem
855 1115 974 1153 libros
997 1114 1114 1154 modo
1139 1113 1237 1153 duos
1254 1118 1422 1167 priores,
1449 1116 1494 1154 id
1517 1117 1623 1169 quod

195 1185 342 1223 mirum
372 1182 497 1220 videri
529 1182 667 1232 debet,
697 1185 731 1221 si
756 1196 894 1220 verum
911 1189 970 1221 est
990 1181 1097 1235 quod
1113 1183 1317 1234 vulgatum
1334 1190 1414 1233 est,
1441 1197 1464 1223 a
1488 1186 1623 1224 Leun-

196 1252 319 1288 clavio
338 1249 582 1301 Stephanum
601 1250 775 1288 codicem
793 1251 983 1291 Graecum
1001 1257 1202 1301 acceptum
1217 1249 1414 1299 habuisse,
1430 1254 1623 1304 ,quamvis

194 1325 350 1369 praeter
374 1319 594 1355 versionem
621 1318 803 1354 Latinam
829 1316 931 1354 nihil
958 1319 1040 1354 eius
1058 1319 1209 1356 nomini
1229 1330 1275 1355 ac
1295 1316 1528 1368 humanitati
1548 1321 1621 1357 tri-

193 1384 334 1422 buerit.
391 1390 435 1421 ut
453 1385 501 1421 iis
525 1385 593 1435 qui
615 1396 687 1421 nos
704 1384 841 1434 legunt
858 1383 992 1421 iudicii
1011 1385 1123 1435 copia
1139 1385 1228 1434 fiat,
1257 1386 1462 1436 epistolam
1487 1388 1621 1424 Leun—

193 1451 332 1499 clavii‚
363 1462 482 1501 quam
510 1452 551 1487 in
583 1452 836 1489 accusationis
862 1450 983 1492 fidem
1009 1450 1216 1500 exhibent,
1254 1465 1307 1490 ex
1329 1452 1506 1493 Goldasti
1522 1455 1622 1506 Epi-

191 1518 301 1556 stolis
323 1515 575 1567 Philologicis
604 1518 692 1569 (ep.
713 1520 767 1560 72
786 1530 826 1567 p.
845 1515 954 1566 305)
982 1515 1061 1555 huo
1080 1519 1288 1557 transferre
1305 1520 1449 1573 placet.

299 1586 357 1622 Io.
377 1585 637 1624 Leunclavius
656 1582 893 1634 HStephano
915 1585 956 1628 S.
988 1584 1239 1637 (Genevam)

243 1673 301 1686 —-
325 1673 383 1680 --
409 1672 466 1686 -π-
501 1651 609 1688 hunc
637 1649 894 1703 (Zosimum)
925 1664 994 1701 ego
1021 1651 1095 1689 tibi
1122 1667 1246 1694 manu
1272 1667 1360 1694 mea
1385 1655 1621 1706 descrilmtm

188 1719 469 1769 diligenterque
494 1718 680 1759 collatum
707 1725 743 1759 et
766 1706 1011 1755 emendatum
1034 1720 1162 1764 mitto,
1186 1727 1232 1757 ut
1244 1720 1447 1759 historiam
1466 1723 1620 1761 Roma..

186 1800 282 1825 nam
310 1770 504 1822 annorum
534 1786 642 1826 1200
668 1784 719 1822 ab
748 1784 858 1823 urbis
882 1787 1031 1840 origine
1058 1786 1115 1824 ad
1138 1787 1330 1828 excidium
1349 1786 1473 1843 usque
1494 1792 1619 1828 conti·-

186 1859 351 1891 nuatam
371 1851 512 1889 habere
527 1854 745 1905 possimus,
769 1853 1089 1903 suppeditaturus
1109 1854 1227 1892 etiam
1243 1858 1528 1895 conversionem
1549 1857 1618 1894 bo-

186 1933 281 1958 nam
303 1926 340 1957 et
363 1919 621 1965 luculentam,
650 1933 750 1971 quae
783 1920 934 1959 dudum
955 1926 1106 1970 parata
1134 1920 1248 1969 apud
1268 1933 1329 1957 me
1354 1929 1422 1963 est,
1482 1937 1618 1962 rarum

183 1986 258 2024 hoc
291 1987 401 2026 crede
432 1987 532 2025 mihi
558 2002 656 2037 opus
686 1995 758 2032 est,
787 1987 894 2042 quod
922 1986 1085 2025 aliunde
1111 2000 1191 2026 non
1203 1986 1335 2037 filcile
1366 2001 1612 2041 consequare.

187 2055 292 2091 deest
302 2067 451 2103 parum
469 2054 511 2089 in
516 2053 606 2101 fine
617 2054 744 2103 primi
760 2053 869 2098 libri,
892 2066 1040 2103 parum
1060 2054 1103 2088 in
1117 2053 1315 2107 principio
1335 2055 1513 2101 secundi,
1534 2070 1617 2107 pa·-

188 2135 278 2158 rum
297 2122 340 2156 in
362 2120 486 2159 medio
506 2121 650 2173 quinti,
671 2133 821 2170 parum
840 2120 1004 2172 denique
1025 2119 1166 2166 infine
1186 2121 1294 2157 sexti.
1356 2135 1456 2172 quae
1486 2125 1618 2161 omnia

189 2195 359 2238 exspecto
386 2201 430 2224 ex
454 2187 594 2233 Italia,
622 2186 827 2223 cuiusdam
847 2187 967 2222 amici
985 2199 1119 2235 opera,
1149 2188 1219 2238 qui
1243 2187 1455 2226 admodum
1477 2198 1618 2232 secreto

189 2256 375 2293 custodiri
399 2254 597 2306 quoddam
627 2254 713 2293 istic
736 2253 932 2303 exemplat·
954 2253 1054 2290 mila·
1069 2241 1287 2300 nuntiavit,
1315 2255 1427 2293 cuius
1446 2257 1530 2306 ipse
1549 2270 1616 2295 oo-

182 2325 296 2373 piam
327 2323 378 2359 sit
409 2320 627 2359 habiturus.
686 2320 804 2358 audio
839 2328 875 2356 te
904 2320 1041 2360 Plzotil
1069 2320 1340 2359 bibliothecam
1371 2322 1529 2369 habere,
1567 2324 1615 2363 de

188 2404 269 2440 qua
291 2389 430 2427 vellem
457 2389 691 2438 exscriptum
724 2387 773 2424 de
804 2387 958 2426 Zosimo.
977 2388 1135 2426 timlum
1153 2390 1334 2427 mitteres.
1393 2403 1489 2431 nam
1509 2404 1615 2437 mea,

186 2470 287 2507 quae
307 2458 349 2493 in
356 2456 494 2507 fronte
506 2458 638 2506 posita
655 2454 779 2499 vides,
806 2454 955 2491 alieubi
977 2462 1159 2506 corrupta
1179 2463 1284 2495 sunt,

295 2525 367 2560 His
386 2524 510 2560 literis
530 2523 565 2560 si
581 2521 678 2561 fides
695 2520 876 2569 habenda
897 2523 967 2570 sit,
995 2522 1199 2560 illiberalis
1215 2535 1308 2560 sane
1327 2529 1365 2560 et
1379 2535 1519 2574 parum
1535 2522 1612 2562 ho-

182 2591 284 2627 nesti
314 2591 435 2627 animi
463 2603 550 2628 reus
570 2591 643 2629 erit
661 2587 904 2639 Stephanus,
934 2587 1041 2641 quod
1065 2589 1203 2627 celavit
1227 2591 1290 2626 eui
1309 2588 1476 2628 debebat
1501 2590 1612 2628 codi-

181 2669 268 2692 cem
289 2657 500 2694 Graecum:
530 2663 663 2694 tamen
683 2654 779 2692 haec
799 2655 947 2693 invidia
967 2657 1085 2692 variis
1102 2657 1243 2706 poterit
1262 2657 1476 2694 rationibus
1495 2658 1543 2693 ab
1564 2671 1610 2694 eo

182 2724 367 2761 amoveri.
425 2722 644 2776 discrepant
669 2723 899 2762 lectionibus
922 2721 1113 2774 Stephani
1134 2721 1254 2761 editio
1278 2729 1316 2761 et
1337 2721 1463 2760 codex
1478 2725 1612 2762 Leun-
