1774 3002
624 86 987 143 msomsmo,
1407 98 1531 130 mu

87 212 225 267 ὕφη
242 209 400 261 nuato,
426 221 530 264 quse
546 208 719 250 Arcadio
736 216 779 249 et
795 208 973 251 Honorio
989 206 1275 260 imperantibus
1291 219 1431 259 urgere
1446 208 1532 246 Bo-

87 292 230 321 manos
255 290 473 333 mamque
501 291 588 318 rm
608 278 812 331 publicam
835 284 1011 318 evertere
1026 282 1238 328 coeperunt
1254 275 1385 324 mala,
1414 287 1532 312 enar-

87 362 176 388 rare
204 349 348 402 pergit.
404 360 454 386 ea
480 348 555 386 etsi
583 348 679 386 satis
706 347 906 399 praeclare
930 353 972 385 et
998 358 1088 384 cum
1111 342 1231 383 laude
1249 349 1407 395 pei-acm
1428 348 1533 391 sunt,

51 422 53 424 ’
87 416 135 456 id
151 423 288 455 tamen
305 414 611 469 tepthensione
625 413 737 453 haud
755 421 881 463 cant,
911 412 1020 468 quod
1034 412 1218 451 Zosimus
1237 411 1341 450 ultra
1359 411 1535 461 impera-

88 485 189 524 toris
212 485 389 537 prinum
414 485 473 523 rei
498 483 682 535 publicae
708 483 884 534 impositi
906 488 1085 533 tempora
1101 486 1205 519 retro
1226 479 1469 531 exspatiatus
1487 490 1535 515 ea

88 559 251 606 qnoque
272 553 431 604 attingit
457 564 561 604 quae
589 551 719 604 gentis
743 550 843 589 adeo
869 551 1071 588 Romanae
1102 548 1276 599 origines
1310 552 1536 585 anteverte-

89 625 214 670 ιιι-η
231 618 421 674 quodque
444 620 610 672 exponit
631 631 734 671 quae
753 617 861 670 apud
879 621 1021 657 Persas
1041 618 1212 655 Graecos
1239 622 1279 654 et
1298 613 1537 653 Macedones

87 689 332 741 lud-cipum
345 686 636 727 vicissitudines
651 688 812 726 fuerint.
869 699 948 739 qua
964 686 1010 724 in
1027 699 1084 734 re,
1113 685 1187 724 etsi
1202 682 1255 723 ad
1270 683 1535 722 imitationem

86 757 247 810 Polym
271 769 321 796 ea
346 769 373 795 ι
396 757 558 795 Zosimo
584 754 816 794 adumbrata
846 761 960 803 sunt,
986 752 1179 792 iudicium
1205 760 1338 791 tamen
1361 749 1534 789 hominis

89 821 313 863 desideres:
339 837 436 862 nam
459 824 590 862 aliena
614 830 725 862 erant
748 823 798 861 ab
818 823 1022 871 instituto,
1050 821 1159 874 quod
1176 819 1228 859 ad
1248 832 1383 858 casum
1399 825 1440 857 et
1458 830 1536 855 ex-

88 889 239 930 cidium
263 892 423 944 imperii
450 892 621 931 Romani
650 891 866 943 spectabat.
922 889 1031 943 quod
1058 897 1192 928 autem
1215 889 1347 939 magis
1372 885 1425 924 ad
1451 897 1537 923 rem

87 959 295 1009 Μῶα,
315 967 362 999 ut
390 958 728 1013 quemadmodum
757 959 950 1011 Polybius
980 959 1337 1005 incrementorum,
1364 956 1421 992 ita
1447 955 1534 1005 ipse

89 1040 253 1068 ουσιαι
271 1034 411 1067 'rerum
437 1029 772 1080 comparationem
794 1027 1038 1075 institueret,
1070 1024 1135 1074 id,
1164 1025 1346 1078 quamvis
1370 1035 1532 1060 monere
1556 1031 1592 1065 p·
1620 1028 1682 1051 ¹ss

89 1108 184 1135 eun
200 1097 423 1148 argumenti
440 1098 541 1134 ratio
559 1097 773 1147 potuisset,
805 1107 887 1131 non
906 1092 1230 1131 animadvertisse
1251 1091 1422 1130 videtur.

199 1163 358 1213 Aliam,
391 1170 433 1202 et
454 1176 543 1202 eam
560 1163 723 1216 quidem
740 1162 987 1210 omissionis,
1015 1161 1174 1212 culpam
1193 1161 1402 1198 sustineret
1420 1159 1538 1197 Zosi-

88 1243 203 1280 mus,
233 1229 294 1280 si,
320 1235 368 1268 ut
386 1230 508 1281 vulgo
525 1237 709 1282 putatur,
738 1229 925 1267 historiae
943 1241 1040 1267 suae
1058 1242 1107 1267 eo
1125 1241 1205 1281 quo
1224 1241 1329 1266 nunc
1347 1241 1437 1266 eam
1455 1234 1538 1265 ter-

87 1299 283 1336 afflatam
301 1295 485 1336 videmus
504 1292 609 1336 anno
628 1298 749 1335 finem
766 1296 1038 1347 imposuisset,
1068 1302 1108 1334 et
1129 1309 1231 1349 quae
1254 1297 1465 1348 praecipue
1488 1295 1538 1332 ab

87 1378 140 1404 οο
169 1371 285 1404 mut
308 1363 607 1417 pertractandae
631 1366 895 1416 posteriorum
915 1371 1139 1415 temporum
1157 1377 1241 1413 res,
1268 1377 1350 1402 non
1372 1362 1538 1401 adverso

87 1433 226 1486 aliquo
241 1433 326 1472 fato
342 1433 393 1470 ab
410 1445 529 1485 opere
544 1434 723 1471 instituto
741 1431 942 1484 depulsus,
960 1431 1033 1470 sed
1052 1433 1230 1471 consulto
1251 1439 1290 1470 et
1309 1445 1380 1470 sua
1398 1437 1538 1483 sponte

88 1501 300 1540 omisisset.
354 1513 494 1539 verum
521 1508 566 1539 ut
593 1502 636 1539 in
656 1502 777 1539 aliam
798 1501 985 1539 abeamus
1006 1502 1243 1539 sententiam
1264 1507 1303 1537 et
1319 1507 1539 1538 statuamus

89 1574 161 1606 unt
184 1569 390 1607 Zosimum
415 1581 488 1607 seu
510 1576 638 1607 morte
655 1583 729 1607 seu
750 1570 828 1606 alia
849 1581 926 1621 qua
945 1571 1102 1607 sinistra
1122 1569 1282 1606 fortuna
1301 1566 1539 1618 impeditum

88 1633 214 1672 fuisse
242 1646 321 1688 quo
350 1637 484 1675 minus
515 1635 720 1675 historiam
747 1638 851 1674 ultra
869 1649 1019 1674 annum
1036 1637 1119 1677 410
1140 1634 1405 1674 continuando
1426 1635 1540 1672 exci-

89 1698 203 1740 dium
215 1702 374 1754 imperii
389 1706 552 1757 eiusque
565 1717 703 1743 causas
723 1705 963 1756 explicaret,
993 1710 1061 1741 aut
1078 1710 1231 1755 partem
1247 1703 1376 1754 operis
1394 1702 1443 1739 ab
1463 1715 1537 1739 au·-

89 1775 199 1807 otore
217 1768 271 1806 nd
286 1769 409 1808 finem
428 1771 609 1823 perducti
624 1774 815 1824 temporis
833 1773 976 1810 iniuria
998 1770 1242 1810 intercidisse
1253 1800 1265 1819 ‚
1293 1770 1337 1808 id
1356 1771 1535 1822 pluribus

90 1836 397 1889 certissimisque
425 1840 641 1878 rationibus
669 1853 892 1877 monemur.
950 1847 1084 1890 aperte
1117 1839 1321 1890 profitetur
1351 1840 1535 1876 Zosimus

89 1915 210 1943 suum
232 1906 444 1943 consilium
463 1905 707 1958 perducendi
723 1905 931 1944 historiam
947 1905 1000 1944 ad
1016 1919 1131 1944 suam
1147 1913 1339 1954 aetatem,
1357 1904 1403 1957 ')
1433 1919 1535 1958 quae

89 1971 141 2009 ab
169 1983 274 2010 anno
298 1973 342 2010 in
369 1985 447 2026 quo
470 1972 636 2012 historia
653 1975 737 2012 eius
751 1987 860 2012 nunc
880 1974 1057 2012 subsistit
1076 1974 1168 2025 plus
1186 1974 1311 2011 ferme
1329 1986 1450 2025 quam
1470 1988 1536 2012 se-

87 2040 255 2090 xagima
271 2051 464 2079 annorum
481 2043 608 2094 spatio
628 2040 761 2080 distat.
816 2055 932 2094 porro
960 2040 1233 2080 desiderantur
1259 2055 1400 2080 causae
1426 2044 1534 2080 cala-

88 2107 275 2144 mimum
302 2108 447 2160 quibus
480 2109 723 2161 urgebantur
749 2110 942 2160 Romani,
976 2117 1017 2148 et
1034 2111 1193 2148 oracula
1213 2111 1356 2163 quibus
1375 2123 1534 2149 occasus

88 2172 249 2224 imperii
267 2174 490 2226 praedictus
502 2206 514 2225 ‚
547 2190 776 2230 quanquam
792 2179 834 2215 in
854 2178 933 2216 fine
957 2177 1144 2217 historiae
1164 2185 1372 2230 utramque
1392 2192 1476 2216 rem
1492 2192 1534 2216 se

88 2239 232 2279 afferre
263 2248 303 2279 et
322 2241 473 2285 ‚docere
496 2245 601 2283 velle
622 2246 822 2297 pollicitus
845 2253 918 2284 est.
937 2243 1002 2298 ²⁸*)
1059 2247 1154 2284 satis
1184 2248 1381 2284 rationum
1407 2253 1465 2284 est
1488 2245 1539 2282 ad

89 2307 396 2360 intelligendum
407 2312 600 2350 iacturam
617 2314 823 2352 Zosimum
840 2315 883 2351 in
899 2315 1110 2366 postremis
1123 2314 1235 2352 libris
1250 2315 1404 2361 fecisse,
1428 2314 1538 2350 cuins

90 2375 216 2427 ipsius
232 2377 291 2413 rei
304 2379 470 2430 vestigia
487 2378 618 2418 adhuc
632 2381 677 2418 in
690 2381 831 2419 mutila
844 2381 1008 2434 periodo
1024 2383 1166 2419 ultima
1184 2388 1356 2419 exstant.
1394 2393 1538 2432 quam-

90 2443 231 2481 obrem
258 2443 335 2482 etsi
359 2447 616 2485 manifestum
636 2449 688 2486 sit
705 2450 924 2500 Euagrium
947 2456 986 2487 et
1007 2447 1196 2487 Plu-‚tium
1216 2463 1297 2487 non
1315 2449 1536 2499 pleniorem

90 2511 243 2549 Zodmi
260 2510 469 2551 historiam
484 2527 606 2568 quam
622 2528 697 2554 nos
714 2514 901 2555 habuisse
912 2546 924 2566 ‚
951 2530 1033 2555 non
1057 2516 1160 2554 illud
1175 2518 1217 2553 in
1237 2517 1356 2552 aliam
1375 2521 1534 2552 sentem

89 2578 189 2616 fiam
217 2577 414 2620 adducere
440 2595 515 2623 nos
539 2589 694 2636 potest:
721 2583 825 2622 illud
850 2583 972 2624 modo
1004 2583 1099 2623 inde
1127 2583 1385 2634 intelligitur,
1416 2583 1535 2622 istam

179 2723 350 2768 ‘usa
565 2696 751 2772 busa,
794 2727 897 2764 ωε.
