1812 3016
202 70 297 144 190
825 101 1020 145 zosnn

196 219 280 262 τοῖς
298 211 430 269 φυγὴν
446 209 667 268 ἠνάγκασεν
685 212 895 256 ἐπιθεῖναι.
976 216 1041 256 καὶ
1060 212 1085 268 ἦ
1103 214 1176 268 μὲν
1193 213 1236 256 ἐκ
1255 218 1326 268 τῆς
1349 214 1451 256 κατὰ
1475 211 1638 256 Θεόδω-

197 298 269 336 ρον
301 282 431 331 αἰτίας
456 285 648 335 συμβᾶσα
673 288 761 333 ταῖς
789 281 928 324 πόλεσι
955 282 1148 339 συμφορὰ
1178 280 1330 338 ταύτην
1354 282 1442 336 ἔσχε
1469 282 1542 337 τὴν
1573 299 1638 324 τε-

194 347 349 403 λευτήν.

338 416 412 461 16.
483 416 808 467 Οὖαλεντινιανός
832 417 875 459 δὲ
901 414 1021 467 δόξας
1043 433 1128 467 πως
1146 416 1217 459 τὸν
1239 416 1341 474 πρὸς
1360 416 1455 467 τοὺς
1476 419 1517 458 Γ
1513 434 1639 474 ερμα-

196 484 290 534 νοὺς
314 483 488 538 πόλεμον
515 485 738 526 διατιθέναι
759 487 951 541 μετρίως,
978 484 1207 541 βαρύτατος
1227 480 1276 539 ἦν
1296 492 1384 535 ταῖς
1405 484 1638 539 ἀπαιτήσεσι
1651 493 1672 528 5

195 557 276 595 τῶν
296 555 495 610 εἰσφορῶν
516 551 787 610 σφοδρότερον
810 555 1047 607 ἐπικείμενος
1068 555 1135 594 καὶ
1157 551 1256 608 ὖπέρ
1280 553 1325 595 τὸ
1348 552 1522 607 σύνηθες
1542 551 1641 596 ταῦ-

197 638 272 671 τας
294 619 552 677 εἶσπράττων.
619 622 784 663 ἐποιεῖτο
809 622 851 663 δὲ
874 620 1018 663 τούτου
1040 619 1243 677 πρόφασιν
1266 625 1340 675 τῆς
1358 624 1643 676 στρατιωτικῆς

199 688 380 744 δαπάνης
411 689 456 730 τὸ
488 693 669 743 πλῆθος,
703 688 799 745 ὅπερ
829 688 1050 745 ἠνάγκασεν
1077 689 1199 731 αὐτὸν
1221 691 1491 743 ἔκδαπανῆσαι
1512 689 1562 730 τὰ
1584 692 1643 745 τῷ

198 759 378 814 δημοσίῳ
406 755 685 814 φυλαττόμενα
708 755 915 813 χρήματα.
982 759 1037 807 εἰς
1065 764 1184 810 μῖσος
1215 759 1346 798 τοίνυν
1379 756 1558 806 ἅπαντας
1579 757 1642 797 ἐπὶ

196 824 326 882 τούτῳ
348 823 513 878 κινήσας
536 824 590 866 ἔτι
611 826 743 878 μεῖζον
768 824 794 879 ἢ
817 823 1010 881 πρότερον
1029 826 1292 880 ἓπικραίνετο,
1328 827 1394 866 καὶ
1425 824 1515 867 οὕτε
1549 824 1643 873 τοὺς
1656 836 1699 870 10

198 893 396 949 ἄρχοντας
424 891 570 946 ἤθελεν
596 891 784 943 ἐξετάζειν
815 895 849 934 εἰ
880 894 1045 948 κέρδους
1069 893 1304 946 ἀπέχονται,
1337 899 1421 942 τοῖς
1440 892 1489 934 τε
1507 893 1550 934 ἐκ
1571 896 1645 934 τοῦ

198 963 268 1016 ζῆν
290 961 507 1014 ἀμέμπτως
527 960 660 1014 ἔχουσι
686 959 807 1010 δόξαν
829 958 993 1016 ἐφθόνει
1005 992 1017 1010 ,
1053 962 1118 1002 καὶ
1141 958 1278 1010 ἁπλῶς
1297 962 1417 1002 εἶπεῖν
1435 959 1566 1017 ἕτερός
1585 977 1646 1010 τις

197 1025 247 1083 ἦν
267 1029 379 1084 παρὰ
401 1028 470 1070 τὸν
491 1030 533 1078 ἐξ
554 1029 682 1084 ἀρχῆς
705 1029 1013 1083 ἐπιτηδευθέντα
1032 1026 1180 1084 τρόπον
1200 1028 1311 1085 αὐτῷ
1331 1033 1402 1082 τῆς
1424 1029 1644 1081 βασιλείας.

199 1097 267 1139 διὰ
303 1101 432 1138 ταῦτα
462 1098 528 1138 καὶ
558 1098 741 1149 Λίβυες,
776 1097 848 1138 οὐκ
874 1095 1090 1151 ἐνεγκόντες
1106 1094 1399 1150 τὴνῬωμανοῦ
1419 1097 1646 1146 πλεονεξίαν

197 1170 271 1208 τοῦ
303 1165 375 1218 τὴν
411 1164 697 1220 στρατιωτικὴν
731 1164 890 1217 ἔχοντος
919 1165 960 1205 ἓν
996 1165 1277 1221 Μαυρουσίοις
1308 1162 1459 1220 ἀρχήν,
1498 1166 1643 1220 Φίρμῳ
1657 1174 1698 1210 15

197 1233 270 1287 τὴν
293 1231 512 1288 ἁλουργίδα
531 1231 665 1282 δόντες
685 1232 886 1282 ἀνέδειξαν
902 1233 1087 1285 βασιλέα.
1155 1231 1250 1287 ὅπερ
1272 1231 1522 1287 ἄπαγγελθὲν
1541 1230 1646 1274 εῗκό-

197 1319 278 1351 τως
315 1300 641 1343 Οὗαλεντινιανὸν
676 1298 937 1355 συνετάραξε·
970 1301 1036 1340 καὶ
1066 1304 1316 1355 παραχρῆμα
1340 1298 1527 1354 τάγματά
1554 1316 1645 1341 τινα

199 1368 464 1425 στρατιωτικὰ
485 1367 558 1422 τὴν
579 1369 621 1409 ἐν
639 1369 817 1425 Παιονίᾳ
839 1369 906 1408 καὶ
926 1368 1074 1425 Μυσίᾳ
1094 1371 1145 1423 τῇ
1165 1366 1248 1409 ἄνω
1271 1366 1541 1409 καταλιπόντα
1563 1384 1645 1423 φυ-

198 1437 325 1491 λακὴν
360 1437 422 1477 ἐπὶ
459 1433 626 1489 Λιβύην
657 1436 867 1478 ἐκπλεῦσαι
898 1435 1127 1490 προσέταξε.
1191 1433 1336 1476 τούτου
1363 1435 1413 1489 δὴ
1435 1436 1644 1490 γενομένου

199 1502 465 1560 Σαυρομάται
489 1505 555 1545 καὶ
579 1501 781 1554 Κουάδοι,
817 1504 883 1544 καὶ
907 1501 1101 1559 πρότερον
1123 1500 1232 1552 ὄντες
1253 1502 1405 1557 ἔγκοτοι
1432 1507 1492 1560 τῷ
1511 1502 1583 1556 τὴν
1603 1504 1703 1549 ἕνξο

199 1571 357 1622 τούτοις
386 1572 706 1628 ἐπιτετραμμένῳ
739 1577 822 1620 τοῖς
846 1569 982 1620 τόποις
1007 1570 1191 1626 φυλακὴν
1226 1565 1302 1625 (ἦν
1324 1571 1367 1612 δὲ
1386 1571 1643 1624 Κελέστιος),

198 1640 300 1694 μετὰ
323 1640 396 1694 τὴν
417 1643 498 1682 τῶν
519 1643 774 1696 στρατιωτῶν
791 1641 846 1689 εἷς
857 1636 1025 1694 Λιβύην
1044 1638 1273 1693 ἀποδημίαν
1293 1639 1479 1692 ἐπέθεντο
1490 1639 1649 1681 Παίοσί

291 1769 334 1804 15
366 1768 421 1802 alii
452 1779 527 1803 eum
550 1771 673 1802 vocant
696 1768 857 1802 Comitem
884 1768 1049 1812 Africae,-
1080 1767 1158 1802 vide
1182 1767 1453 1813 Prosopograph.
1475 1767 1552 1802 cod.
1576 1767 1644 1802 Th.

289 1817 336 1849 20
359 1812 418 1856 ἒγκ
486 1814 565 1859 LP,
589 1815 707 1847 relicto
730 1825 792 1858 pro
817 1814 992 1858 postremis
1014 1817 1175 1858 quattuor
1196 1813 1303 1848 literis
1332 1813 1443 1859 spatio
1464 1823 1583 1850 vacuo.
1605 1814 1645 1848 S.

287 1861 331 1894 21
355 1856 545 1899 Κελέστιος
567 1860 740 1893 Ammiano
764 1860 1022 1894 Marcellinum.

201 1971 309 2006 hibita
337 1971 584 2014 interficiebat,
610 1970 758 2016 reliquos
789 1971 904 2005 exsilio
919 1975 1025 2005 semet
1048 1970 1141 2016 ipsos
1166 1971 1306 2005 multare
1326 1970 1480 2014 cogebat,
1525 1973 1562 2004 et
1586 1981 1645 2003 ea-

199 2018 330 2052 lamitas
359 2017 492 2061 quidem
521 2027 562 2050 ea
593 2027 681 2061 quae
710 2017 807 2063 culpa
834 2017 1006 2051 Theodori
1029 2016 1222 2051 civitatibus
1247 2016 1387 2058 accidit,
1417 2018 1506 2050 hunc
1526 2015 1645 2050 habuit

200 2064 312 2097 finem.

295 2108 349 2142 16.
402 2106 656 2139 Valentinianus
682 2118 765 2140 vero
776 2134 786 2151 ‚
818 2106 874 2152 qui
892 2107 984 2140 visus
1001 2106 1121 2140 fuisset
1137 2105 1261 2139 bellum
1277 2105 1440 2140 adversus
1455 2105 1646 2140 Germanos

201 2152 414 2187 mediocriter
440 2151 689 2184 administrasse
700 2178 709 2194 ‚
733 2152 950 2195 gravissimus
965 2152 1108 2185 subditis
1123 2156 1216 2194 erat,
1238 2151 1437 2184 tributorum
1452 2150 1646 2184 exactiones

201 2199 310 2232 acrius
325 2207 448 2241 urgens
464 2207 571 2240 eaque
586 2197 675 2229 ultra
691 2203 882 2232 consuetum
899 2209 1024 2231 morem
1040 2204 1252 2240 extorquens.
1299 2196 1520 2240 praetexebat
1533 2202 1644 2229 autem

201 2244 351 2278 militaris
377 2253 531 2275 annonae
558 2241 814 2284 magnitudinem
827 2268 837 2284 ‚
862 2254 948 2286 quae
970 2243 1077 2287 ipsum
1097 2242 1268 2286 pecuniam
1282 2241 1365 2274 fisco
1381 2247 1549 2275 servatam
1565 2252 1646 2274 coe-

201 2290 308 2334 gisset
338 2287 536 2333 expendere.
583 2292 790 2330 quapropter
819 2288 896 2321 odio
927 2294 1123 2320 cunctorum
1152 2286 1186 2319 in
1214 2297 1253 2320 se
1282 2286 1468 2328 concitato,
1491 2286 1648 2320 acerbior

202 2335 300 2368 etiam
327 2344 427 2378 quam
457 2331 550 2377 prius
575 2337 670 2372 erat;
704 2343 745 2365 ac
771 2343 879 2376 neque
903 2333 1117 2376 magistratus
1139 2331 1327 2365 examinare
1340 2332 1533 2365 volebatan
1552 2342 1572 2364 a
1587 2342 1647 2364 ca-

203 2379 336 2425 ptandis
365 2377 465 2412 lucris
494 2377 719 2418 abstinerent,
743 2382 776 2410 et
806 2378 943 2420 gloriam
976 2389 1017 2411 ex
1047 2377 1214 2421 inculpata
1242 2376 1315 2409 vita
1336 2377 1445 2410 nactis
1463 2376 1646 2410 invidebat.

203 2426 349 2469 denique
375 2426 450 2458 fere
470 2423 555 2456 alius
578 2427 651 2455 erat
677 2427 712 2454 et
738 2422 890 2456 diversus
913 2422 956 2456 ab
974 2422 1013 2455 iis
1031 2421 1176 2455 moribus
1191 2432 1275 2466 quos
1292 2421 1386 2454 initio
1400 2420 1495 2465 regni
1508 2431 1592 2466 prae
1606 2431 1645 2453 se

202 2471 337 2504 tulerat.
393 2480 466 2502 eam
483 2469 524 2501 ob
542 2478 674 2500 causam
690 2471 726 2499 et
742 2467 832 2508 Afri,
857 2478 922 2500 non
939 2468 1085 2501 ferentes
1098 2466 1272 2500 avaritiam
1288 2467 1450 2508 Romani,
1474 2467 1531 2510 qui
1552 2464 1644 2509 apud
1661 2470 1666 2476 '

202 2516 341 2550 Mauros
355 2513 505 2557 magistri
521 2513 653 2546 miiitum
668 2511 781 2545 officio
797 2513 998 2555 fungebatur
1011 2538 1021 2553 ‚
1046 2512 1196 2544 amictum
1214 2521 1361 2555 purpura
1375 2511 1520 2544 Firmum
1535 2509 1644 2554 impe-

203 2568 351 2594 ratorem
377 2564 551 2599 crearunt3
577 2557 670 2591 cuius
695 2557 743 2590 rei
765 2556 898 2590 nuntius
912 2557 1032 2590 aliatus
1049 2557 1136 2589 haud
1150 2557 1212 2589 abs
1227 2567 1264 2588 re
1283 2557 1548 2589 Valentinianum
1562 2565 1643 2600 per-

202 2606 363 2640 turbavit.
409 2604 551 2648 ideoque
580 2602 752 2636 confestim
778 2613 931 2635 numeros
958 2602 1116 2645 quosdam
1140 2600 1297 2642 militum,
1318 2601 1437 2634 relicta
1450 2599 1644 2634 Pannoniae

201 2650 422 2694 Moesiaeque
438 2648 618 2693 superioris
635 2647 804 2689 custodia,
827 2647 861 2680 in
878 2647 1023 2680 Africam
1039 2645 1202 2689 navigare
1216 2645 1322 2679 iussit.
1367 2657 1434 2690 quo
1450 2646 1542 2679 facto
1558 2645 1643 2677 Sar-

202 2701 312 2729 matae
328 2701 361 2728 et
377 2694 509 2736 Quadi,
531 2693 597 2727 iam
613 2693 738 2737 pridem
754 2693 799 2726 ilii
815 2692 867 2726 cni
885 2692 1011 2725 credita
1026 2696 1101 2724 erat
1117 2691 1230 2724 horum
1246 2690 1394 2723 locorum
1411 2691 1561 2724 custodia
1581 2690 1599 2732 (
1607 2692 1643 2722 et

200 2746 276 2776 erat
290 2741 319 2775 is
332 2739 545 2782 Coeiestius)
568 2739 710 2783 infensi,
732 2741 811 2784 post
835 2737 972 2772 militum
988 2735 1226 2783 profectionem
1242 2735 1275 2770 in
1289 2735 1437 2771 Africam
1450 2735 1644 2770 Pannonios
