1812 3016
274 76 381 124 314'
905 82 1102 126 zosnm

273 193 347 248 τὴν
368 191 463 235 κατ’
487 191 612 235 αῧτοῦ
633 192 701 236 τὸν
721 194 890 248 βασιλέα
906 195 1213 252 προκαλέσοιντο
1232 195 1477 253 τιμωρίαν),
1514 195 1720 254 Τερέντιος

277 263 320 302 δὲ·
345 263 400 311 εἷς
421 261 493 315 τὴν
515 259 618 320 ἕῴαν
640 262 890 317 ἐκπέμπεται,
917 265 984 305 καὶ
999 262 1210 321 Ἀρσάκιος
1230 264 1302 319 τὴν
1323 263 1580 308 Μεδιολανὸν
1599 266 1718 307 οἰκεῖν

276 327 543 387 ἐκληρώσατο.

409 395 488 442 48.
556 395 829 451 Καταστήσας
861 399 903 441 δὲ
938 397 959 441 ὃ
991 398 1181 454 βασιλεὺς
1207 398 1400 453 Εὖσὲβιον
1424 400 1498 453 μὲν
1523 398 1610 441 ἀντὶ
1635 402 1716 442 Τε-

273 467 424 521 ρεντίου
462 463 624 522 φύλακα
657 470 729 507 τοῦ
759 471 966 518 κοιτῶνος,
1007 466 1199 509 Οὐάλεντι
1235 467 1278 508 δὲ
1307 467 1380 520 τὴν
1413 467 1540 523 ἀρχὴν
1563 466 1612 521 ἢν
1635 465 1745 521 εῗχεό

274 535 551 590 Τουρπιλλίων
570 533 798 589 παραδούς,
833 537 899 577 καὶ
918 534 1021 589 μετὰ
1043 534 1296 590 Βιγελάντιον
1313 533 1546 589 Ἀλλόβιχον
1561 537 1716 591 ἵππαρ-

266 618 342 654 χον
389 600 664 655 καταστήσας,
711 602 784 656 τὴν
818 604 891 656 μὲν
924 607 1003 644 τῶν
1034 607 1288 659 στρατιωτῶν
1318 601 1457 644 παύειν
1489 619 1576 653 πως
1605 602 1713 653 ἔδοξε

269 667 433 720 στάσιν,
462 668 606 723 Ἰόβιος
637 670 680 711 δὲ
707 668 727 711 ὅ
759 674 831 725 τῆς
858 670 983 725 αὐλῆς
1007 670 1208 727 ὕπαρχος,
1242 675 1375 712 πᾶσαν
1404 673 1460 720 εἷς
1491 668 1612 712 αὖτόν
1641 670 1714 726 τὴν

267 737 378 793 παρὰ
401 741 565 790 βασιλεῖ
583 735 751 791 δύναμιν
768 737 1031 794 περιστήσας,
1062 738 1158 794 ἔγνω
1183 739 1367 794 πρέσβεις
1389 739 1591 792 ἐκπέμψαι
1613 738 1714 795 πρὸς

261 804 470 860 Ἄλάριχον
480 837 493 856 ,
528 804 622 861 ἄχρι
651 809 722 859 τῆς
743 803 956 861 Ῥαβέννης
973 806 1094 860 αὐτὸν
1113 808 1410 863 παραγενέσθαι
1431 810 1711 863 παρακαλοῦν-
1724 813 1768 848 10

263 889 338 921 τας
371 871 426 922 ὥς
457 872 506 927 δὴ
529 877 601 927 τῆς
624 871 780 930 εῗρήνης
803 873 949 915 αὐτόθι
969 876 1243 929 γενησομένης.
1311 875 1543 924 πεισθέντος
1566 875 1610 916 δὲ
1629 881 1713 924 τοῖς

264 945 336 982 τοῦ
358 942 555 994 βασιλέως
577 942 644 982 καὶ
665 948 747 991 τοῖς
762 941 906 995 Ἰοβιόυ
926 941 1158 999 γράμμασιν
1173 943 1386 1000 Ἀλαρίχου
1397 974 1411 994 ,
1438 942 1710 999 παραγενομέ-

264 1025 335 1050 νου
363 1026 403 1050 τε
436 1011 491 1058 εἷς
515 1008 586 1063 τὴν
600 1009 801 1066 Ἀρίμινον
817 1009 1028 1065 Ῥαβέννης
1052 1011 1291 1067 ἀφεστῶσαν
1311 1012 1458 1064 μιλιόις
1481 1008 1708 1067 τριάκοντα,

264 1077 506 1132 συνδραμών
538 1077 642 1119 κατὰ
671 1076 820 1132 ταύτην
845 1077 1008 1132 Ἰόβιος,
1045 1078 1111 1121 ἅτε
1134 1081 1175 1121 ἐν
1195 1086 1284 1129 ταῖς
1298 1079 1503 1135 Ἠπείροις
1522 1076 1711 1135 πρόξενος

266 1146 332 1185 καὶ
360 1146 477 1200 φίλος
499 1145 696 1202 Ἀλαρι’χῳ
717 1147 990 1202 γεγενημένος,
1019 1146 1113 1196 τοὺς
1130 1149 1219 1203 περὶ
1238 1151 1318 1189 τῶν
1335 1150 1549 1201 συνθηκῶν
1572 1144 1707 1200 ἔποιή-
1718 1151 1762 1187 15

266 1228 364 1253 σατο
385 1211 540 1274 λογους.
609 1212 748 1270 ἀπῄτει
766 1215 809 1256 δὲ
824 1213 1032 1270 Ἀλάριχος
1048 1218 1220 1271 χρυσίον·
1233 1216 1306 1269 μὲν
1325 1215 1437 1265 ἔτους
1455 1212 1623 1256 ἑκάστου
1645 1215 1709 1255 δι’-

266 1282 420 1321 ὸοσθαί
446 1298 485 1322 τι
518 1280 637 1337 ῥητὸν
665 1284 732 1323 καὶ
758 1283 868 1324 σίτου
888 1300 926 1324 τι
943 1288 1208 1339 χορηγεῖσθαι
1226 1284 1391 1340 μέτρον,
1426 1285 1546 1325 οῗκεῖν
1568 1283 1612 1324 δὲ
1630 1282 1707 1323 αὖ·

263 1347 333 1388 τὸν
366 1347 452 1401 ἅμα
487 1355 570 1399 τοῖς
600 1349 674 1390 σὺν
707 1350 816 1407 αὐτῷ
846 1354 943 1391 πᾶσι
967 1353 1152 1400 Βενετιάς
1175 1350 1300 1407 ἄμφω
1321 1353 1387 1392 καὶ
1406 1350 1617 1407 Νωρικοὺς
1638 1350 1706 1391 καὶ

262 1416 518 1468 Δαλματίαν.
584 1421 712 1459 ταῦτα
742 1419 919 1459 ε’ναντιόν
941 1418 1152 1474 Ἀλαρίχου
1173 1417 1338 1475 γράψας
1355 1417 1497 1471 Ἰόβιος
1518 1418 1704 1471 ἐκπέμπει

261 1488 319 1540 τῷ
348 1487 527 1537 βασιλεῖ’,
566 1484 661 1534 δοὺς
691 1487 758 1527 καὶ
788 1486 872 1527 ἴδια
902 1486 1003 1542 πρὸς
1035 1486 1155 1528 αὐτὸν
1183 1485 1403 1543 γράμματα
1432 1490 1759 1542 παραινοῦνταέο

261 1556 510 1606 καταστῆσαι
539 1550 745 1606 δυνάμεως
772 1552 961 1610 ἑκατέρας
984 1553 1206 1611 στρατηγὸν
1224 1553 1454 1611 Ἀλάριχον,
1482 1553 1582 1596 ὥστε
1601 1551 1702 1596 ταύ-

346 1647 370 1680 2
392 1644 461 1689 τὴν
483 1644 574 1689 μετὰ
598 1645 773 1682 ἃολιανὸν
801 1648 870 1684 LP.
1007 1650 1030 1686 6
1053 1645 1249 1693 Ἀλλέβιχος
1271 1649 1312 1683 Ρ.
1346 1648 1609 1693 olympiodorus
1629 1644 1700 1682 m-

346 1691 513 1735 λόβιχος,
538 1692 742 1727 Sozomenus
762 1692 963 1738 Ἀλάβιχος,
985 1693 1059 1727 cod.
1084 1694 1216 1729 Theod.
1242 1694 1283 1739 (l.
1309 1696 1327 1729 1
1353 1694 1396 1727 de
1419 1693 1698 1737 calumniatorib.)

345 1737 556 1779 Ησίὶοὸἰοιιε,
594 1739 854 1781 Chrysostomus
884 1738 1092 1783 Έλλέβιχος.
1275 1739 1457 1783 ἵππαρχον
1479 1738 1632 1772 Valesius
1653 1738 1698 1772 ad

345 1783 478 1815 Sozom.
503 1784 524 1816 9
548 1785 587 1818 7:
613 1785 715 1827 vulgo
733 1781 912 1828 ὕπαρχον,
1050 1787 1071 1820 8
1095 1784 1358 1829 Olympiodorus
1381 1784 1477 1818 modo
1499 1781 1697 1829 Ἰωβιιινός,

345 1827 443 1860 modo
476 1825 624 1872 Ἰώβιος.
672 1830 745 1863 cod.
782 1831 913 1865 Theod.
948 1829 1000 1874 (l.
1024 1831 1046 1864 7
1076 1830 1118 1863 de
1141 1829 1445 1873 denuntiationib.)
1480 1830 1606 1863 Ionius.
1650 1829 1696 1864 R.

347 1874 389 1905 18
425 1883 486 1916 pro
512 1874 682 1912 Βενετίας
706 1875 795 1908 haud
819 1876 888 1909 scio
915 1886 957 1908 an
980 1875 1102 1909 rectius
1125 1876 1301 1920 legerimus
1325 1874 1514 1913 Παιονίας.
1536 1876 1574 1914 S.
1622 1878 1697 1908 erat

343 1918 630 1997 tamentVepJetia
661 1919 800 1955 inferior
831 1926 867 1956 et
897 1921 1072 1967 superior,
1105 1925 1145 1957 ut
1167 1921 1220 1956 vel
1242 1933 1262 1955 e
1283 1920 1396 1958 Notit.
1419 1919 1591 1966 utriusque
1611 1919 1693 1966 imp.

343 1968 462 1997 consta
480 1988 490 1998 .
575 1989 584 2000 .

253 2050 291 2073 se
314 2040 510 2085 supplicium
535 2043 751 2077 concitarent.
798 2044 981 2079 Terentius
995 2044 1029 2079 in
1045 2044 1217 2079 Orientem
1230 2044 1419 2088 relegatur,
1440 2042 1600 2078 Arsacias
1613 2041 1693 2076 Me·-

253 2085 376 2118 diolani
395 2096 432 2118 se
448 2085 619 2119 continere
633 2088 775 2122 iubetur.

345 2131 401 2165 48.
448 2131 535 2163 Hinc
566 2131 749 2175 imperator
776 2133 810 2166 in
838 2134 992 2168 Terentii
1019 2135 1127 2167 locum
1155 2132 1303 2166 Eusebio
1330 2131 1473 2166 cubiculi
1495 2131 1690 2177 praeposito

255 2179 389 2216 creato,
420 2175 639 2220 Turpillionis
666 2182 838 2222 potestate
863 2179 998 2212 Valenti
1020 2178 1159 2220 tradita,
1183 2183 1262 2221 post
1285 2177 1499 2220 Vigilantiam
1515 2177 1688 2212 Allobicho

254 2221 468 2266 praefectura
493 2221 670 2264 mandata,
694 2223 934 2266 quodammodo
957 2223 1150 2257 seditionem
1174 2223 1346 2255 militarem
1370 2223 1490 2256 sedare
1509 2222 1598 2256 visus
1623 2227 1688 2258 est.

253 2266 367 2299 Iovius
383 2273 494 2299 autem
510 2268 700 2310 praefectus
716 2269 894 2311 praetorii,
919 2280 991 2302 cnm
1015 2279 1141 2302 omnem
1156 2268 1243 2312 apud
1256 2268 1490 2312 imperatorem
1506 2267 1688 2312 potentiam

251 2311 285 2344 in
310 2323 347 2344 se
375 2312 619 2354 transtulisset,
643 2312 774 2355 legatos
802 2314 842 2346 ad
865 2314 1052 2347 Alarichum
1069 2313 1200 2346 mittere
1214 2312 1387 2354 decrevit,
1410 2313 1464 2357 qui
1483 2324 1556 2346 eum
1573 2314 1689 2346 horta-

251 2362 370 2390 rentur
383 2361 421 2390 ut
436 2357 477 2390 ad
492 2357 597 2401 ipsam
613 2369 718 2402 usque
735 2359 926 2392 Ravennam
943 2359 1136 2402 accederet,
1163 2357 1250 2402 quod
1271 2357 1347 2390 istic
1367 2369 1482 2403 pacem
1497 2358 1617 2391 facturi
1631 2368 1687 2391 es—

249 2406 336 2435 sent.
382 2403 537 2436 Alaricho
553 2403 712 2447 principis
726 2408 761 2436 et
775 2404 859 2436 Iovii
877 2404 980 2438 literis
995 2415 1140 2444 assenso,
1163 2407 1198 2436 et
1212 2403 1392 2436 Ariminum
1412 2403 1577 2448 profecto,
1599 2413 1686 2446 quae

247 2447 412 2480 Ravenna
434 2448 574 2491 triginta
595 2448 777 2482 miliaribus
802 2450 920 2491 abest,
954 2449 1107 2482 celeriter
1124 2460 1164 2482 eo
1189 2448 1302 2481 Iovius
1325 2459 1459 2492 quoque
1472 2459 1510 2482 se
1523 2447 1685 2489 contulit3

247 2497 283 2526 et
305 2493 393 2537 quod
414 2493 588 2538 in'Epiris
612 2493 754 2527 Alarichi
778 2494 898 2537 hospes
920 2499 954 2527 et
975 2494 1097 2527 amicus
1111 2495 1219 2526 factus
1235 2493 1367 2535 fuisset,
1389 2493 1432 2526 de
1447 2493 1583 2527 foedere
1597 2503 1683 2538 pan-

246 2539 357 2581 gendo
374 2542 510 2572 tractat.
548 2539 692 2572 Alarichi
709 2540 791 2571 haec
806 2540 976 2583 postulata
990 2544 1098 2581 erant,
1121 2544 1159 2571 ut
1173 2539 1206 2571 in
1222 2549 1326 2571 annos
1340 2538 1487 2581 singulos
1500 2537 1572 2571 auri
1587 2541 1681 2571 certa

246 2594 373 2616 summa
393 2584 601 2628 solveretur,
636 2590 671 2617 et
688 2595 839 2617 annonae
855 2596 1007 2617 mensura
1030 2584 1190 2630 quaedam
1215 2583 1506 2627 suppeditaretur3
1539 2588 1576 2616 ut
1599 2583 1680 2617 item

244 2628 317 2671 ipse
334 2640 405 2662 cum
422 2629 489 2662 suis
505 2631 656 2663 omnibus
671 2635 845 2673 utramque
859 2629 1030 2662 Venetiam
1048 2635 1083 2662 et
1098 2629 1239 2662 Noricos
1256 2635 1288 2661 et
1299 2628 1492 2662 Dalmatiam
1505 2629 1680 2662 incoleret.

245 2674 329 2706 haec
356 2674 468 2707 Iovius
492 2675 646 2708 Alaricho
674 2679 850 2720 praesente
872 2674 1059 2718 perscripta
1078 2674 1177 2707 mittit
1200 2673 1245 2705 ad
1259 2673 1509 2717 imperatorem,
1534 2673 1621 2707 datis
1637 2673 1679 2707 ad

245 2719 386 2753 eundem
404 2730 557 2755 seorsum
571 2731 705 2766 quoque
718 2719 836 2765 literis,
859 2720 978 2766 quibus
993 2730 1067 2755 eum
1083 2718 1334 2762 cohortabatur,
1350 2718 1538 2754 Alarichum
1551 2720 1680 2754 utrius-

1803 2547 1812 2705 κς.κ“..,,....,
1803 2522 1812 2538 20
1806 2454 1812 2512 maz-1
1809 2432 1812 2434 .
1810 2406 1812 2409 ,
