1774 3002
39 468 78 503 p.
102 467 223 491 xxxin

240 67 409 113 xxxvm
784 59 1142 110 REITEMEIERI

353 178 587 220 Omissionis
622 179 900 220 fraudulentae
939 182 1118 234 culpam,
1158 181 1271 221 cuius
1289 210 1292 214 ‹
1307 195 1398 228 raro
1425 181 1575 225 indicia·
1600 197 1689 224 esse

243 255 410 300 possunt
437 251 533 296 satis
559 258 664 289 certa
695 251 747 290 ad
775 250 1088 291 convincendum
1107 253 1362 303 scriptorem,
1391 263 1416 291 a
1435 253 1597 291 Zosimo.
1615 252 1690 290 ab-

244 330 331 355 esse
359 330 449 356 cum
478 319 567 357 aliis
597 325 684 358 tum
709 321 962 372 potissimum
992 332 1039 357 eo
1062 319 1270 371 probatur,
1309 317 1418 372 quod
1443 317 1691 359 Christiano-

243 398 332 423 rum
356 385 520 425 virtutes
547 393 588 425 et
611 388 811 439 praeclare
838 389 942 426 facta
962 400 1043 425 non
1061 387 1270 438 praeterit,
1300 393 1342 425 et
1359 399 1461 439 quae
1481 385 1534 425 ad
1553 400 1691 439 repre·-

247 450 482 496 hensionem
503 453 649 493 idonea
673 463 784 494 erant
796 485 808 505 ‚
837 456 999 495 consilio
1015 467 1303 507 nonnunquam
1321 456 1500 494 omisisse
1520 453 1692 494 videtur·

245 526 293 562 ut.
305 527 438 558 autem
455 522 769 564 ,luculentissime
782 531 916 575 pateat
931 536 1012 561 non
1032 523 1223 573 religione
1242 530 1494 562 occaecatum
1513 523 1691 561 animum

245 588 402 632 Zosimi¹
421 589 543 629 fuisse
555 619 566 640 ‚
595 590 784 630 monendi
809 597 963 628 tantum
990 603 1126 628 sumus
1147 603 1240 628 eum
1255 603 1338 629 non
1353 589 1473 629 modo
1489 603 1581 629 cum
1595 602 1694 628 can-

246 654 341 694 dore
362 658 508 696 referre
529 665 632 696 recte
655 671 702 696 ac
720 660 920 711 praeclare
938 659 1062 707 facta,
1092 657 1164 696 sed
1188 657 1374 697 laudibus
1396 660 1518 698 etiam
1538 670 1693 697 ornare.

244 722 289 762 id
319 728 498 778 quamvis
527 727 571 764 in
603 727 778 779 qualibet
799 725 985 765 historiae
1007 733 1117 778 parte
1138 733 1178 765 et
1195 727 1239 764 in
1256 724 1598 765 omniChristiani
1625 731 1693 764 aut

246 792 495 844 imperatoris
513 801 580 831 aut
598 793 709 833 ducis
727 795 809 833 vita
826 795 1079 847 perspicuum
1099 795 1172 843 sit,
1199 795 1377 832 maxime
1393 801 1528 832 tamen
1543 795 1588 832 in
1608 793 1694 833 Sti-

245 859 415 899 lichonis
432 860 578 900 iudicio
599 863 740 912 elucet,
770 876 891 916 quem
907 876 988 901 non
1003 863 1196 914 Eunapii,
1225 862 1496 911 infestissimi,
1523 868 1569 899 ut
1580 858 1694 900 Pho-

248 930 327 966 tius
355 935 540 979 testatur,
579 931 621 968 in
652 929 882 968 Stilichonis
910 931 1060 968 famam
1091 930 1311 982 scriptorIs,
1347 942 1458 968 more
1491 928 1694 978 dilacerat,

248 995 320 1034 sed
343 997 480 1035 relicto
508 1012 555 1036 eo
579 986 807 1037 auctoritate
833 997 1104 1050 olympiodori
1120 999 1187 1036 vel
1203 1004 1337 1035 contra
1354 998 1561 1048 vulgarem
1576 995 1695 1035 chri-

249 1065 468 1103 stianormn
479 1094 489 1114 ‚
519 1067 587 1118 qui
605 1066 777 1104 affectati
791 1067 903 1117 regui
921 1080 1013 1103 eum
1031 1065 1260 1116 arguebant,
1289 1065 1605 1103 criminationem
1621 1063 1696 1102 de-

249 1131 398 1181 fendit,
429 1139 468 1170 et
498 1133 679 1172 similiter
707 1134 898 1172 Serenam
927 1146 1096 1171 uxorem
1122 1134 1206 1171 eius
1229 1145 1254 1170 a
1275 1133 1438 1170 crimine
1462 1131 1696 1184 prodilionis

249 1201 292 1237 in
323 1214 412 1238 eam
442 1202 615 1239 coniecto
647 1207 687 1238 et
715 1202 854 1239 mortis
880 1214 996 1239 causa
1029 1201 1134 1238 facto
1163 1199 1319 1238 disertis
1345 1200 1476 1238 verbis
1506 1198 1696 1249 vindicat,

249 1281 478 1320 quanquam
513 1275 724 1320 utrumque
758 1276 797 1306 et
833 1267 1096 1306 Stilichonem
1126 1273 1166 1305 et
1187 1267 1380 1306 Serenam
1406 1268 1620 1318 impietatis
1650 1268 1695 1304 iu

249 1334 344 1372 deos
375 1348 466 1371 cum
491 1335 762 1387 indignatione
791 1336 914 1373 animi
941 1337 1117 1384 incusat,
1148 1342 1188 1372 et
1214 1332 1381 1372 deorum
1402 1335 1462 1372 ira
1485 1334 1696 1372 fatmneis

247 1404 359 1441 triste
383 1404 523 1441 merito
554 1404 814 1441 acceleratum
843 1404 1067 1442 arbitratur.
1124 1415 1245 1455 quam
1274 1403 1461 1440 Zosimus
1485 1402 1696 1454 aequitatis

249 1471 383 1522 legem
407 1484 497 1509 cum
524 1477 730 1524 sequatur,
761 1469 858 1523 quid
885 1476 1015 1522 potest
1037 1483 1123 1508 esse
1142 1468 1195 1507 ad
1210 1468 1336 1509 fidem
1351 1471 1389 1507 ei
1408 1468 1698 1510 conciliandam

249 1538 439 1590 gravius?
495 1540 669 1591 profecto
692 1540 848 1576 miratio
870 1539 1050 1576 animum
1068 1538 1196 1587 subit,
1228 1551 1321 1576 cum
1340 1551 1454 1587 eum,
1483 1550 1604 1590 quem
1623 1550 1699 1575 ve-

250 1607 375 1644 ritatis
396 1613 436 1644 et
451 1608 661 1659 aequitatis
675 1613 759 1644 tam
775 1605 1015 1654 studiosum,
1045 1605 1093 1646 ab
1112 1603 1263 1643 invidia
1278 1606 1454 1644 alienmn
1470 1605 1698 1643 certissimis

248 1674 406 1712 indiciis
436 1676 716 1725 cognovimus,
744 1681 827 1711 tam
851 1675 999 1726 iniquis
1023 1671 1233 1711 hominum
1253 1672 1412 1712 iudiciis
1434 1674 1562 1725 premi
1581 1670 1698 1711 vide-

248 1756 353 1784 mus.
411 1755 514 1794 quae
531 1741 694 1779 tandem
709 1749 801 1780 sunt
816 1742 909 1779 illae
923 1754 986 1779 res
1003 1754 1101 1793 quas
1116 1748 1362 1780 commentus
1380 1731 1439 1779 est
1456 1743 1499 1779 in
1515 1738 1699 1778 fraudem

251 1808 563 1848 Christianorum
590 1815 630 1846 et
656 1810 699 1846 in
724 1808 888 1848 laudem
915 1807 1106 1847 suorum?
1161 1809 1326 1847 ubinam
1348 1815 1440 1847 sunt
1461 1810 1504 1846 in
1525 1809 1610 1846 eius
1630 1804 1698 1844 hi-

251 1878 372 1915 storia
393 1877 464 1914 illa
487 1877 608 1915 verba
629 1884 695 1915 aut
714 1877 818 1915 facta
835 1877 936 1915 falso
958 1883 997 1914 et
1014 1883 1163 1915 temere
1182 1875 1378 1915 conficta?
1434 1875 1567 1914 dicent
1587 1873 1699 1912 haud

252 1942 493 1981 haesitantes
512 1945 554 1982 in
570 1946 870 1983 Constantinum
892 1945 1019 1982 multa
1036 1958 1121 1982 esse
1139 1945 1283 1982 infesto
1307 1945 1439 1981 animo
1460 1943 1696 1992 excogitata,

253 2012 520 2049 conversionis
556 2011 609 2049 ad
638 2011 860 2050 Christiana
885 2025 995 2051 sacra
1021 2012 1217 2049 rationem
1234 2011 1393 2048 fabulae
1411 2011 1586 2062 speciem
1602 2023 1698 2062 prae

255 2091 298 2117 se
317 2078 439 2127 ferre,
468 2078 646 2117 instituta
666 2080 725 2117 rei
742 2080 924 2117 militaris
943 2079 1110 2116 exitiosa
1126 2079 1293 2130 imperio
1316 2084 1355 2115 et
1371 2077 1607 2116 tributorum
1622 2090 1700 2115 ex-

255 2148 428 2185 actiones
452 2159 591 2198 graves
618 2161 704 2185 esse
730 2147 1030 2198 improbabiles,
1061 2152 1101 2184 et
1129 2153 1173 2184 ut
1193 2146 1337 2184 Iuliani
1357 2144 1498 2184 laudes
1521 2157 1700 2196 exagge-

255 2221 340 2252 rata
368 2216 543 2253 oratione
570 2214 817 2267 praedicatae
842 2221 954 2263 sunt,
979 2215 1035 2251 ita
1058 2214 1102 2251 in
1127 2212 1377 2262 Theodosio,
1405 2214 1441 2252 si
1459 2213 1557 2251 alios
1576 2225 1699 2265 quam

251 2285 459 2321 Zosimum
483 2283 653 2320 velimus
682 2281 818 2320 audire
848 2287 989 2328 testes,
1015 2283 1148 2319 omnia
1172 2283 1251 2320 alia
1275 2294 1396 2334 quam
1413 2279 1698 2332 ignaviamlu-

249 2353 410 2389 xuriem
432 2358 472 2389 et
491 2364 622 2388 rerum
635 2351 885 2402 publicarum
899 2349 1092 2386 incuriam
1112 2349 1250 2386 fuisse.
1304 2347 1404 2387 haec
1422 2355 1481 2387 est
1501 2348 1699 2385 cantilena

251 2421 371 2457 toties
393 2421 436 2457 in
459 2419 665 2457 zosimum
688 2416 914 2465 decantata,
945 2424 984 2454 et
1004 2418 1039 2454 si
1058 2429 1294 2468 quaeramus
1316 2417 1461 2468 quibus
1479 2414 1698 2453 rationibus

251 2488 350 2525 istae
372 2487 555 2540 querelae
574 2487 750 2523 nitantur
761 2514 772 2534 ,
800 2491 957 2536 praeter
974 2485 1208 2535 scriptorum
1226 2483 1475 2535 quorundam
1493 2483 1697 2535 qualium-

253 2568 407 2608 cunque
426 2555 650 2593 testimonia
670 2554 829 2591 Zosimo
851 2551 1120 2599 adversantia,
1149 2551 1351 2589 silentium
1371 2552 1539 2589 aliorum
1558 2555 1696 2586 aucto-

253 2635 341 2658 rum
366 2629 607 2671 memorant,
638 2635 715 2675 quo
745 2621 915 2658 convelli
945 2620 1095 2657 Zosimi
1124 2620 1388 2656 narrationem
1411 2616 1696 2669 posse-existi·-

51 2708 89 2741 p.
114 2704 232 2729 xxxrv
257 2695 381 2728 mant.
438 2703 488 2727 ne
506 2689 573 2727 hic
592 2688 641 2727 de
661 2690 834 2739 testium,
865 2687 917 2726 ad
938 2701 1037 2741 quos
1055 2692 1280 2739 provocant,
1308 2686 1468 2724 levitate
1485 2684 1699 2737 quicquam
