1812 3016
263 68 359 115 378
805 70 1165 117 REITEMEIERI

260 234 315 277 25
354 193 412 279 31³.
434 178 542 275 122²
533 192 573 219 v.
593 178 635 222 5.
689 179 771 222 vicl.
799 183 1034 237 Prosopogr.
1056 196 1091 222 c.
1113 179 1195 222 Th.
1215 181 1394 224 Valesius
1411 182 1464 224 ad
1481 184 1700 224 Marcellin.

383 263 394 275 .
541 250 595 276 er.

547 371 651 409 vm.
707 371 946 410 rovrANus
982 371 1039 424 (1.
1069 375 1095 414 3
1125 386 1159 412 c.
1190 373 1414 426 30—36).

366 459 517 496 Ioviani
535 456 710 507 hiStorIa,
741 473 794 498 ex
810 461 991 512 Eunapio
1007 460 1250 514 deprompta,
1281 463 1501 514 explicatur
1515 460 1698 509 breviter,

256 513 430 552 dilucide
460 522 500 552 et
526 515 603 553 fide
621 517 787 566 integra.
846 530 995 555 errores
1018 519 1167 568 passim
1190 519 1326 557 obvios
1347 532 1401 556 ex
1423 518 1511 555 aliis
1532 519 1699 568 scripto·-

254 572 362 609 ribus
386 571 595 609 emendare
617 578 655 608 et
675 574 819 610 omissa
839 574 1022 624 supplere
1041 574 1156 622 licet3
1185 577 1345 613 Zosimo
1363 587 1456 612 vero
1478 572 1586 625 quod
1605 586 1699 624 pro-

252 629 385 677 prium
419 629 469 665 sit
503 634 543 665 et
575 628 623 665 ab
653 628 740 666 aliis
766 641 846 666 non
874 636 1075 679 notatum,
1120 632 1191 668 vix
1231 632 1444 684 quicquam
1481 641 1698 666 memorare

253 683 361 722 iicet.

365 752 407 789 p-
429 740 508 779 166
528 751 568 776 v.
588 740 629 779 2.
685 740 898 777 Ammiano
924 739 979 780 25
1008 739 1034 782 5
1063 748 1220 780 auctore
1247 743 1430 781 Iovianus
1456 747 1539 780 erat
1558 739 1699 777 dome-

255 795 444 833 sticorum
485 793 635 831 ordinis
675 797 849 845 primus,
895 797 1126 834 varroniani
1161 799 1357 836 notissimi
1392 799 1544 836 comitis
1578 796 1697 833 filius.

256 851 502 901 congregatis
530 849 581 887 ad
610 849 902 901 designandum
927 853 1203 903 imperatorem
1221 855 1481 905 principibus,
1511 865 1602 890 cum
1620 852 1698 890 Sa-

255 907 397 944 lustius
430 907 609 943 omnium
636 906 832 957 suffragiis
861 906 912 944 ad
941 921 1139 946 summam
1161 923 1292 947 rerum
1309 917 1469 948 vocatus
1483 908 1640 946 morbos
1658 913 1697 944 et

255 969 498 1000 senectutem
517 961 716 1012 dignitatis
736 963 1012 1002 detrectandae
1033 978 1169 1004 causas
1191 965 1484 1017 praetenderet,
1514 965 1696 1002 Iovianus

251 1021 366 1056 novis
398 1018 594 1069 suffragiis
623 1020 836 1070 imperator
862 1020 1009 1058 electus
1038 1028 1110 1059 est.
1167 1029 1342 1060 ceterum
1365 1024 1494 1074 potior
1513 1018 1696 1058 habenda

251 1082 313 1112 est
343 1076 550 1112 auctoritas
578 1076 800 1124 Ammiani,
839 1078 908 1128 qui
931 1077 1149 1114 Salustium
1175 1092 1276 1126 non,
1320 1085 1365 1116 ut
1399 1080 1581 1116 Zosimus
1613 1082 1696 1113 tra-

250 1130 331 1179 dit,
361 1132 541 1180 Ioviano,
570 1129 642 1169 sed
668 1132 819 1171 Iuliano
843 1139 997 1171 mortuo
1026 1132 1078 1170 ad
1103 1135 1315 1188 imperium
1342 1135 1582 1187 postulatmn
1609 1144 1696 1170 esse

249 1187 399 1224 scribit.

361 1242 415 1281 ib.
443 1255 483 1279 v.
507 1242 547 1284 5.
603 1244 793 1280 maturius
821 1255 943 1294 quam
969 1242 1035 1280 hic
1061 1243 1247 1293 traditur,
1287 1246 1482 1283 exercitus
1512 1256 1603 1281 cum
1626 1244 1696 1279 Iu-

248 1298 369 1346 liano,
399 1298 497 1335 fines
520 1297 744 1336 Corduenes
760 1300 943 1349 petitura,
973 1298 1025 1337 ad
1041 1301 1198 1351 Tigrim
1215 1300 1342 1339 redire
1362 1307 1556 1352 coeperat.
1610 1296 1695 1337 vid.

246 1366 367 1407 supra
386 1360 519 1391 notata
537 1352 589 1390 ad
605 1367 646 1404 p.
668 1356 743 1394 161
775 1356 841 1394 18.

359 1423 400 1460 Ρ.
423 1410 502 1449 167
524 1422 562 1446 v.
584 1411 623 1449 8.
680 1415 767 1447 tum
800 1408 961 1447 demum
993 1411 1151 1460 Tigrim
1181 1412 1351 1449 Romani
1380 1411 1693 1455 transmiserunt,

245 1478 341 1503 cum
362 1477 445 1516 pax
467 1466 548 1504 iam
571 1466 787 1516 composita
809 1466 964 1503 fuisset.
1019 1468 1200 1518 Eunapio
1225 1474 1263 1505 et
1284 1468 1463 1514 Zosimo‚
1494 1465 1694 1503 collocan-

245 1522 353 1558 tibus
377 1534 470 1558 eum
489 1523 756 1558 Romanorum
775 1523 984 1559 transitum
1005 1529 1095 1559 ante
1114 1536 1254 1573 pacem
1274 1523 1517 1570 conclusam,
1546 1519 1591 1559 id
1609 1521 1695 1558 for-

245 1590 319 1615 san
351 1576 483 1613 fraudi
514 1577 611 1625 fuit,
642 1576 748 1628 quod
777 1578 984 1629 quingenti
1012 1579 1140 1626 Galli,
1179 1578 1337 1617 foedere
1365 1577 1544 1616 noudum
1572 1577 1692 1622 facto,

244 1633 420 1671 fluminis
438 1634 646 1671 transitum
662 1631 794 1670 nando
812 1640 983 1671 tentasse
1001 1632 1184 1673 dicuntur
1208 1634 1425 1684 (Ammian.
1445 1647 1480 1672 c.
1496 1631 1564 1684 6);
1593 1634 1693 1670 Per-
1746 1642 1755 1649 ·

241 1698 381 1727 'sarum
401 1701 474 1727 rex
490 1695 671 1727 metuens
688 1701 739 1726 ne
761 1690 950 1736 Romani,
980 1702 1148 1741 quorum
1176 1692 1306 1742 priore
1325 1691 1487 1728 victoria
1508 1690 1693 1726 virtutem

245 1751 505 1795 cognoverat,
533 1745 701 1783 transitu
723 1758 795 1795 per
815 1746 898 1785 vim
925 1746 1029 1783 facto
1062 1760 1084 1783 e
1114 1747 1297 1785 manibus
1325 1747 1401 1784 sibi
1431 1746 1692 1792 elaberentur,

247 1813 387 1855 pacem
405 1802 454 1838 iis
474 1801 634 1838 flumine
655 1799 833 1838 nondum
850 1802 1011 1839 traiecto
1030 1801 1171 1840 offerre
1190 1803 1405 1840 consultius
1424 1800 1554 1840 duxit.
1653 1809 1658 1815 ’

360 1855 415 1892 ib.
436 1869 475 1893 v.
498 1855 563 1896 14.
618 1856 700 1897 vid.
726 1855 792 1894 hic
815 1858 977 1908 Gregor.
997 1859 1180 1898 Nazianz.
1200 1869 1256 1895 or.
1274 1857 1315 1898 4.
1372 1858 1518 1895 Ritter.

360 1911 414 1948 ib.
436 1925 476 1949 v.
494 1914 562 1953 20.
619 1914 863 1964 provinciae,
907 1914 1049 1964 quibus
1091 1915 1313 1965 postulante
1349 1914 1558 1950 Persarum
1597 1923 1690 1962 rege

247 1968 436 2006 Romanis
468 1966 688 2005 cedendum
720 1976 822 2016 erat,
864 1969 1024 2008 fuerunt
1060 1982 1128 2006 eae
1162 1982 1259 2021 quas
1292 1969 1558 2006 Maximianus
1591 1968 1690 2004 olim

246 2023 379 2059 Persis
404 2023 509 2060 bello
535 2031 687 2074 ereptas
705 2025 870 2074 imperio
887 2026 1065 2062 Romano
1086 2024 1340 2072 adiunxerat,
1371 2030 1409 2061 et
1429 2036 1596 2075 quarum
1614 2035 1690 2061 no·-

245 2079 356 2115 mina
374 2076 527 2115 diversa
545 2078 762 2128 produntur
787 2079 893 2130 apud
917 2082 1193 2129 Ammianum,
1220 2081 1448 2131 Arzanena,
1477 2081 1688 2126 Moxoena,

245 2132 493 2181 Zabdicena,
529 2134 748 2172 Rehimena
784 2142 823 2172 et
857 2135 1082 2184 Corduena,
1122 2149 1210 2174 oum
1247 2136 1418 2173 castellis
1448 2134 1687 2186 quindecim,

243 2201 361 2240 porro
386 2189 531 2226 Nisibis
552 2197 591 2227 et
613 2191 801 2240 Singara,
833 2193 942 2229 ouius
963 2193 1069 2229 urbis
1088 2192 1130 2230 in
1148 2192 1306 2229 Zosimo
1322 2192 1472 2228 mentio
1488 2192 1618 2238 nulla,
1648 2196 1688 2227 et

243 2252 372 2282 castra
392 2247 618 2284 Maurorum
630 2275 640 2295 ,
669 2249 958 2284 munimentum
976 2260 1168 2299 perquam
1184 2254 1461 2298 opportunum.

354 2314 396 2351 p.
416 2302 493 2341 168
515 2314 554 2338 v.
575 2301 616 2341 4.
674 2309 907 2339 convenerat
931 2316 982 2340 ne
1007 2306 1166 2351 Arsaci,
1205 2305 1333 2340 amico
1359 2309 1398 2339 et
1425 2300 1503 2338 fido
1530 2310 1687 2350 semper

242 2357 456 2404 Romanis,
485 2363 617 2394 contra
641 2359 781 2395 Persas
798 2359 995 2398 auxilium
1009 2360 1189 2398 ferretur.
1247 2371 1325 2409 quo
1346 2358 1495 2394 factum
1521 2362 1602 2403 est,
1631 2355 1686 2390 ait

242 2413 476 2450 Ammianus
489 2441 499 2460 ‚
527 2419 573 2449 ut
591 2412 809 2451 Armeniae
825 2416 1042 2451 maximum
1062 2414 1167 2452 latas
1190 2414 1324 2451 Medis
1345 2412 1631 2451 conterminans
1650 2416 1686 2446 et
1746 2426 1749 2428 ·

244 2467 449 2506 Artaxata
471 2469 574 2505 inter
591 2469 846 2508 dissenszbnes
865 2477 900 2506 et
919 2470 1166 2507 turbamenta
1182 2476 1366 2519 raperent
1383 2467 1542 2505 Parthi.

355 2523 410 2560 ib.
435 2537 473 2562 v.
493 2527 534 2564 6.
590 2537 672 2576 pax
689 2526 787 2562 inita
807 2532 865 2562 est
881 2527 1041 2575 triginta
1059 2538 1262 2564 annorum.
1318 2525 1518 2563 Ammian.

354 2579 407 2615 ih.
433 2593 472 2617 v.
497 2582 561 2620 11.
617 2581 773 2631 imperii
793 2582 995 2619 imminuti
1016 2588 1054 2618 et
1073 2580 1285 2618 occidentis
1302 2587 1431 2617 ortum
1449 2590 1685 2628 causamque

243 2633 479 2684 explorandi
506 2634 681 2675 studium
710 2634 983 2687 deprehendas
1014 2638 1134 2673 etiam
1163 2638 1205 2673 in
1233 2637 1444 2686 Eutropio,
1475 2635 1684 2671 Ammiano

245 2690 326 2739 (25
358 2690 463 2741 31),
492 2692 617 2732 Sexto
634 2693 738 2734 Rufo
758 2693 890 2732 Festo.
948 2699 1094 2748 quanta
1114 2694 1304 2745 cuiusque
1325 2692 1368 2730 in
1390 2703 1435 2728 eo
1454 2695 1684 2741 argumento

1799 2897 1812 3016 mannum-h
1799 2375 1812 2891 -QM-fflmmr.
1809 2367 1812 2369 .
1802 2336 1812 2359 ιὰ.
1810 2284 1812 2288 .
1810 2241 1812 2247 .
1806 2186 1812 2199 Λ
