1812 3016
244 71 344 119 380
563 48 578 124 J
781 70 1143 127 REITEMEIERI

244 180 337 218 dam
363 193 444 219 non
471 192 658 232 magnam
686 178 831 219 habere
861 187 990 233 potest
1019 182 1243 220 utilitatem.
1301 188 1435 227 contra
1464 193 1516 219 ex
1542 179 1683 219 eodem

242 238 473 287 Ammiano,
503 243 701 289 assumpto
727 250 883 290 quoqne
911 238 1076 275 Libanio
1111 244 1149 275 et
1172 237 1419 287 Themistio,
1449 239 1484 275 si
1515 236 1612 289 quid
1639 238 1682 274 in

242 294 401 332 zosimo
431 295 644 344 reperiatur
674 295 805 332 minus
827 294 925 330 bene
948 292 1156 342 traditum,
1186 293 1370 345 redargui
1397 299 1539 345 potest.
1596 295 1683 330 Eu-

243 350 351 400 napii
377 349 463 386 loca
489 357 714 401 supersunt,
745 362 845 401 quae
866 348 916 388 ad
937 347 1035 386 haec
1054 357 1231 401 tempora
1253 351 1468 401 pertinent3
1497 361 1597 401 quae
1619 356 1682 385 ta-

241 418 333 442 men
353 406 422 441 vix
444 406 565 442 alium
584 419 701 443 usum
721 412 919 456 praestant
941 418 1061 457 quam
1082 405 1133 443 ad
1151 405 1456 457 comparandum
1475 411 1681 458 utrumque

245 467 285 500 et
308 462 390 499 stili
409 460 675 499 diversitatem
693 460 1017 513 cognoscendam.

355 541 396 579 p-
420 526 499 569 174
520 541 559 565 v.
579 530 619 568 3.
676 541 805 580 neque
833 529 1129 567 Valentinianus
1154 529 1261 566 solus
1286 508 1415 580 neque
1433 528 1475 564 in
1493 527 1578 574 via,
1611 525 1684 564 sed.

242 585 467 681 ἕεὲὶέἐιιὲ
499 597 589 621 cum
616 585 736 622 fratre
763 585 865 622 febri
895 591 1092 636 correptus
1122 584 1218 633 fuit,
1255 583 1473 622 secundum
1499 584 1682 620 Ammia-

353 705 407 742 ib.
431 720 470 743 v.
492 706 533 748 5.
588 707 799 744 memoriae
823 708 967 744 Iuliani
989 707 1176 758 principis
1206 707 1418 758 amicisque
1451 707 1556 754 eius,
1590 711 1681 742 tan-

244 775 365 814 quam
395 761 647 801 clandestinis
682 764 903 814 praestigiis
933 764 1051 812 laesi,
1088 761 1280 801 invidiam
1310 764 1563 814 imperatores
1592 774 1682 798 mo-

243 819 402 857 vehant.

354 883 408 921 ib.
431 897 470 921 v.
490 886 531 924 9.
587 884 790 921 Ammiani
807 884 934 922 codex
954 886 1084 936 regius
1103 885 1319 923 Salustium
1337 885 1532 936 appellatr,
1562 884 1683 920 etiam

246 942 449 991 Eunapius
476 942 518 977 in
543 941 720 977 Maximo
744 938 1002 982 Σαλούστιον.
1058 940 1123 979 hic
1143 942 1214 979 sub
1238 942 1390 978 Iuliano
1414 941 1538 992 praef.
1556 946 1681 991 praet.

246 997 466 1033 Galliarum
492 996 641 1044 fuerat,
670 998 846 1047 itemque
875 998 946 1035 sub
976 999 1158 1035 Ioviano:
1189 997 1379 1035 divisione
1407 1010 1499 1034 vero
1525 995 1682 1046 imperii

244 1055 349 1090 inter
357 1053 675 1090 Valentinianum
695 1059 734 1089 et
742 1054 947 1090 Valentem
966 1054 1067 1090 facta
1086 1053 1209 1104 praef.
1227 1059 1350 1105 praet.
1369 1053 1444 1090 fuit
1462 1065 1534 1103 per
1543 1053 1683 1090 Orien-

243 1115 346 1157 tem,
375 1107 500 1145 donec
519 1107 726 1145 Nebridius
744 1110 786 1145 in
809 1111 892 1147 eius
912 1111 1043 1146 locum
1062 1109 1247 1147 suffectus
1267 1115 1339 1146 est.
1402 1108 1596 1146 Valesius.

356 1175 411 1212 ib.
470 1188 615 1226 paucos
642 1182 796 1212 tantum
821 1175 904 1214 dies
924 1178 1090 1213 Nicaeae
1111 1183 1370 1214 commoratus
1386 1175 1682 1213 Valentinianus

245 1232 359 1268 citato
388 1230 480 1268 inde
509 1233 647 1268 itinere
673 1231 945 1269 Nicomediam
962 1233 1158 1283 profectus
1178 1239 1249 1270 est.
1306 1233 1347 1268 in
1371 1233 1528 1268 Zosimo
1548 1231 1682 1280 igitur,

243 1289 310 1338 qui
333 1288 482 1323 abitum
502 1289 746 1337 imperatoris
765 1288 812 1323 ab
833 1289 929 1324 urbe
947 1291 1091 1325 Nicaea
1109 1290 1189 1325 iam
1210 1288 1286 1324 fine
1304 1287 1396 1324 libri
1413 1285 1682 1338 praecedentis

242 1345 465 1391 annotavit,
494 1355 564 1393 pro
589 1342 760 1390 Νικαίας
781 1349 929 1380 tentare
952 1346 1078 1394 possis
1103 1344 1383 1394 Νικομηδείας.

350 1398 405 1434 ih.
428 1412 466 1435 v.
491 1401 555 1439 16.
612 1398 789 1448 pluribus
810 1412 856 1435 ea
875 1400 922 1435 ab
941 1401 1150 1436 Ammiano
1182 1399 1263 1450 (25
1293 1397 1346 1448 4)
1377 1398 1555 1448 exposita
1575 1402 1681 1433 sunt.

351 1467 391 1504 p.
413 1452 491 1494 175
511 1466 550 1490 v,
574 1455 639 1493 17.
698 1454 947 1491 observatum
971 1462 1029 1492 est
1057 1468 1079 1491 a
1106 1456 1363 1492 Tillemontio
1393 1453 1449 1503 (t.
1479 1452 1506 1495 5
1533 1466 1574 1505 p.
1598 1453 1679 1498 21)

238 1510 372 1561 plures
397 1510 494 1546 alios
516 1507 706 1546 honorem
727 1517 765 1546 et
783 1509 1015 1560 dignitatem
1036 1512 1243 1561 pristinam
1264 1510 1485 1547 retinuisse.

349 1579 390 1616 p.
411 1566 490 1606 176
511 1578 550 1602 V.
571 1567 612 1605 2.
670 1565 720 1602 cf.
740 1567 941 1603 Ammian.
959 1566 1013 1607 25
1043 1565 1084 1606 5.

314 1632 316 1635 ·
350 1620 405 1657 ib.
434 1634 474 1656 v.
500 1619 541 1661 5.
597 1617 668 1667 τοὶς
695 1620 738 1661 ἐν
770 1617 893 1676 ταύτῃ
923 1618 1069 1675 πόλξις.
1127 1619 1208 1659 vid.
1237 1621 1389 1658 Comm.
1416 1619 1467 1657 ad
1490 1621 1520 1657 1.
1550 1621 1596 1659 11
1631 1617 1680 1655 de

238 1676 350 1715 lustr.
407 1674 489 1714 vid.
510 1677 629 1713 etiam
647 1683 730 1714 not.
752 1690 786 1714 c.
808 1675 860 1713 ad
882 1678 959 1727 leg.
980 1680 1034 1718 22
1055 1691 1089 1714 c.
1109 1676 1189 1714 Th.
1209 1675 1257 1713 de
1277 1678 1448 1728 episcop.
1505 1675 1649 1712 Ritter.
1673 1671 1676 1675 ’

352 1731 404 1769 ib.
429 1745 468 1768 v.
495 1735 558 1773 12.
620 1745 708 1768 eam
738 1746 823 1770 rem
849 1734 1019 1770 illustrat
1051 1740 1090 1770 et
1115 1733 1317 1770 confirmat
1342 1733 1371 1769 1.
1399 1735 1425 1773 7
1455 1745 1489 1768 c.
1521 1729 1602 1768 Th.
1629 1729 1680 1768 de

239 1788 407 1825 malefic.
429 1801 479 1824 ne
495 1789 583 1839 quis
599 1788 778 1838 deinceps
793 1790 994 1826 nocturnis
1012 1788 1246 1838 temporibus
1265 1788 1442 1838 nefarias
1452 1799 1590 1837 preces
1609 1792 1682 1822 aut

241 1845 417 1893 magicos
433 1851 653 1892 apparatus
668 1851 741 1880 aut
757 1845 1131 1894 sacrficiafimesta
1151 1843 1274 1896 (haec
1292 1856 1383 1893 ergo
1401 1842 1574 1894 putanda
1590 1839 1680 1880 su‘nt

240 1896 289 1938 πὶ
317 1901 503 1950 μυσαραῖς
526 1895 800 1951 πραττόμενα)
830 1899 1022 1936 celebrare
1042 1907 1217 1946 conetur,
1248 1900 1437 1936 detectum
1453 1906 1570 1951 atque
1586 1911 1680 1934 con-

241 1955 389 1992 victam
420 1957 651 2003 competenti
676 1956 1013 1993 animadversione
1047 1956 1215 1994 mactari
1244 1956 1411 2006 perenni
1448 1955 1680 1992 auctoritate

239 2023 454 2048 censemus,
516 2011 567 2046 cf.
588 2011 617 2047 l.
636 2010 662 2051 5
683 2024 717 2047 c.
744 2010 792 2048 de
810 2025 955 2062 pagan.

351 2075 405 2112 ib.
431 2089 469 2113 v.
491 2074 556 2115 14-
614 2078 912 2128 Πραιτεξτᾶτος.
969 2076 1075 2114 hunc
1101 2076 1270 2114 eundem
1287 2083 1397 2128 putat
1415 2076 1582 2127 Idsinga
1611 2075 1679 2127 (in

239 2133 329 2170 var.
350 2133 428 2168 Iur.
452 2132 535 2169 civ.
555 2144 595 2182 p.
617 2130 667 2182 8)
698 2145 787 2169 cum
821 2147 866 2170 eo
895 2147 1012 2185 quem
1038 2140 1229 2170 memorat
1254 2132 1474 2169 Macrobius
1495 2132 1577 2168 Sat.
1599 2134 1620 2171 1
1650 2128 1679 2171 4

240 2194 365 2236 recte3
403 2186 447 2224 id
482 2186 589 2239 quod
618 2188 701 2224 iam
733 2195 822 2226 ante
854 2196 1056 2227 notaverat
1091 2188 1271 2226 Gothofr.
1299 2189 1341 2225 in
1363 2184 1678 2237 Prosopograph.

238 2243 382 2281 Ritter.
1623 2257 1630 2265 ¹

346 2297 400 2334 ib.
425 2311 464 2335 v.
489 2299 552 2338 18.
609 2310 710 2335 vana
735 2305 794 2336 est
822 2312 940 2349 opera
967 2299 1215 2336 Tillemontii
1244 2297 1299 2350 (t.
1322 2297 1347 2337 5
1370 2311 1410 2349 p.
1432 2295 1486 2348 9)
1515 2296 1679 2334 liberta-

237 2361 320 2391 tem
349 2353 602 2404 religionibus
624 2366 646 2389 a
665 2355 938 2392 Valentiniano
963 2367 1188 2392 concessam
1210 2352 1473 2390 addubitantis
1491 2359 1529 2389 et
1543 2354 1678 2402 impu-

236 2412 407 2460 gnantis.
463 2421 557 2445 nam
575 2415 767 2446 testantur
785 2423 872 2446 eam
892 2417 930 2446 et
946 2412 1178 2447 Ammianus
1205 2412 1259 2449 30
1288 2412 1312 2449 9
1341 2416 1379 2446 et
1403 2410 1528 2459 ipsius
1548 2409 1677 2458 impe-

239 2467 378 2503 ratoris
398 2466 506 2515 leges
525 2466 554 2502 l.
579 2467 598 2504 1
623 2478 656 2502 c.
678 2463 758 2501 Th.
791 2464 839 2502 de
867 2466 1035 2502 malefic.
1073 2479 1195 2515 neque
1225 2465 1355 2514 ipsam
1381 2463 1677 2513 haruspicinam

238 2528 311 2559 aut
329 2521 454 2557 aliam
469 2526 672 2570 praeterea
691 2534 912 2557 concessam
934 2535 961 2557 α
982 2520 1195 2558 maioribus
1210 2520 1436 2571 religionem
1452 2532 1580 2570 genus
1598 2532 1677 2554 esse

238 2576 407 2624 arbitror
434 2577 623 2613 criminis.
683 2583 793 2613 testes
823 2583 917 2612 sunt
949 2577 1053 2626 leges
1070 2590 1098 2613 α
1116 2589 1176 2613 me
1194 2577 1236 2611 in
1255 2575 1408 2612 exordio
1431 2575 1585 2623 imperii
1601 2575 1678 2611 mei

239 2632 362 2676 latae,
391 2631 533 2682 quibus
565 2632 796 2684 unicuique,
825 2631 933 2683 quod
962 2633 1096 2670 animo
1126 2629 1342 2678 imbuisset,
1371 2630 1524 2668 colendi
1553 2629 1677 2682 libera

227 2687 415 2738 facultas
438 2686 586 2726 tributa
605 2694 673 2725 est.
