1812 3016
401 140 838 190 commmrfflms
870 105 1218 187 ms‘romcns
1433 143 1531 190 387

211 254 355 306 „193
374 267 415 292 v.
433 256 501 295 20.
555 252 639 291 vta.
666 251 716 291 ae
746 253 890 292 isauri,
917 228 1068 291 com'm.
1093 253 1123 290 1.
1148 252 1222 290 uit.
1252 250 1338 290 cod.
1369 249 1450 290 Th.
1479 251 1530 291 α.
1583 239 1586 242 ’

102 318 254 364 quaest.
278 317 318 348 et
342 311 676 348 Commentatores
702 308 753 347 ad
774 310 1058 347 Marcellinum.
1115 307 1185 346 sed
1203 321 1341 359 graeca
1355 309 1530 347 illustra-

104 366 164 404 bit
178 367 322 419 partim
337 365 636 418 Chrysostomus
654 366 696 403 in
715 379 805 417 epp.
822 366 967 417 partim
985 365 1139 404 Strabo.
1195 365 1340 401 Ritter.

213 431 269 471 ib.
290 445 330 469 v.
350 433 418 474 21.
473 430 626 469 Pisidas
642 431 803 470 eosdem
821 445 905 470 esse
924 433 992 484 qui
1015 431 1182 482 Solymi,
1210 430 1432 483 Stephanus
1450 434 1532 484 By-

104 489 286 526 nantinus
314 489 357 526 iu
383 494 552 554 utroque
578 490 736 525 nomine
766 494 900 525 auctor
928 494 1008 535 est,
1043 487 1087 528 οἱ
1114 488 1298 536 Πισίδαι,
1337 489 1533 539 iuquiens,

103 539 300 595 πρότερον
334 539 531 595 Σόλυμα,
571 550 611 580 et
638 543 732 581 alibi
763 539 939 594 Σόλυμοι
969 543 1013 583 οἱ
1038 545 1117 583 νῦν
1143 544 1318 583 Πισίδαι.
1380 545 1535 581 Plinius

106 611 262 652 qnoque
293 600 324 642 5
348 602 402 641 27
429 601 632 636 consentit.
690 606 729 636 at
756 602 910 637 Isauros
934 597 1008 637 hos
1036 600 1142 650 ipsos
1173 612 1258 636 esse
1285 600 1353 650 qui
1380 599 1536 637 Pisidae

105 655 171 693 vel
190 655 345 706 Solymi
365 653 565 702 dicuntur,
592 667 709 692 nemo
724 655 855 693 forsan
875 661 1029 707 praeter
1046 656 1247 692 Zosimum
1264 653 1430 702 dixerit,
1459 657 1535 692 nisi

106 711 312 763 quis-laxe
338 712 613 762 interpretetur
633 713 815 759 nomina,
846 723 924 762 quo
945 708 1063 748 modo
1084 711 1221 748 Florus
1244 713 1267 751 3
1298 714 1324 752 6
1352 711 1538 748 Isauram

106 779 238 804 arcem
263 766 423 804 Ciliciae
449 767 580 803 arcem
606 767 791 817 appellat.
826 766 969 804 Cellar.
1036 765 1203 803 eandem
1228 769 1449 804 Isaurorum
1473 769 1538 804 in-

107 824 327 860 cursionem
347 820 578 873 Ammianus
598 824 719 859 etiam
745 825 799 863 27
827 824 853 862 9
883 821 1055 859 iudicare
1074 821 1241 859 videtur.

214 901 256 940 p.
278 887 359 930 194
379 901 418 926 v.
440 890 480 929 8.
537 901 637 939 quos
664 889 813 925 IIunni
833 889 979 938 primos
999 886 1124 925 adorti
1144 894 1255 936 sunt,
1284 888 1394 925 fuere
1420 887 1545 925 Gothi

107 943 312 982 orientales
336 942 634 995 (Ostrogothi)‚
660 944 801 996 quibus
827 945 939 981 victis
957 944 1178 995 fugatisque
1199 942 1415 981 Gothorum
1436 946 1542 982 occi-

108 999 325 1037 dentalium
343 1012 416 1037 rex
435 999 693 1037 Athanaricus
717 999 767 1037 ad
783 1001 1005 1037 Danastrim
1024 1001 1209 1047 occurrit,
1241 1013 1331 1037 cum
1354 1013 1445 1037 vero
1474 1014 1544 1037 eo-

108 1068 197 1094 rum
220 1057 413 1106 impetum
438 1056 542 1092 male
570 1057 795 1103 sustineret,
826 1054 876 1091 ad
903 1056 1096 1092 montium
1120 1063 1329 1106 praerupta
1353 1056 1543 1107 confugit,

107 1110 293 1149 mandato
312 1109 452 1148 Gothis
471 1110 575 1158 dato,
603 1118 647 1148 ut
666 1113 747 1149 suis
766 1112 930 1163 quisque
948 1111 1062 1148 rebus
1083 1111 1324 1157 consuleret3
1354 1119 1471 1163 atque
1492 1125 1546 1149 ex

108 1165 172 1205 his
221 1165 412 1218 'isigothis
435 1167 546 1204 fuere
570 1167 654 1214 illi,
683 1168 751 1218 qui
774 1166 888 1204 sedes
908 1168 949 1203 in
971 1167 1093 1204 altera
1114 1168 1202 1204 Istri
1222 1168 1305 1218 ripa
1326 1166 1547 1204 conceden-

108 1221 180 1260 das
197 1224 415 1274 petierunt3
440 1224 621 1260 Zosimus
636 1223 807 1273 Eunapii
825 1223 1068 1274 aliorumque
1084 1223 1268 1273 exemplo
1289 1221 1458 1273 Scythos
1478 1237 1547 1261 eos

107 1278 296 1330 appellat.
339 1278 390 1316 cf.
419 1279 446 1318 4
474 1278 543 1319 25.
610 1275 659 1315 de
688 1279 842 1315 Hunnis
870 1278 1029 1316 consule
1062 1280 1165 1315 Hist.
1198 1276 1404 1315 Guthriau.
1431 1286 1459 1315 t.
1494 1278 1547 1328 15

106 1346 148 1386 p.
173 1337 195 1375 1
219 1347 261 1385 p.
280 1334 359 1375 187
377 1346 463 1386 sqq.
488 1334 557 1381 ubi
579 1332 733 1371 doctiss.
752 1335 811 1371 vir
836 1332 1041 1373 Gebhardi
1061 1334 1188 1371 sobrie
1208 1340 1248 1371 et
1266 1335 1546 1385 circumspecte

108 1391 265 1440 attingit
288 1390 515 1440 opinionem
536 1391 768 1440 Desguignii
788 1391 834 1426 V.
854 1390 898 1426 C.
921 1390 969 1426 ab
992 1391 1179 1426 extremis
1196 1390 1382 1427 Sinarum
1403 1390 1546 1427 finibus

106 1447 272 1483 Hunnos
295 1447 506 1496 repetentis
519 1475 530 1492 ‚
559 1458 678 1497 quam
697 1458 836 1496 parum
856 1446 1099 1496 exploratam
1120 1444 1279 1483 admisit
1300 1452 1338 1482 et
1359 1444 1547 1483 historiae

107 1514 201 1540 mae
222 1503 393 1539 intexuit
416 1502 463 1540 V.
483 1501 542 1538 cl,
569 1500 724 1538 Gihbon
750 1502 828 1539 vol.
849 1505 875 1542 2
897 1515 936 1552 p.
957 1501 1038 1543 574
1059 1514 1148 1552 sqq.
1205 1502 1265 1537 H.

216 1567 272 1606 ib.
296 1581 335 1605 v.
359 1570 423 1609 10.
479 1569 521 1604 in
553 1567 852 1619 pervestiganda
881 1567 974 1604 sede
1002 1566 1107 1603 unde
1132 1568 1267 1605 Hunni
1298 1567 1466 1617 egressi,
1507 1574 1547 1605 et

106 1637 179 1677 per
204 1637 302 1676 φης
323 1630 447 1660 terras
474 1636 590 1660 cursu
616 1636 686 1660 suo
716 1624 857 1672 vagati,
876 1625 954 1659 siut
983 1623 1212 1673 priusquam
1233 1624 1431 1659 Romanos
1450 1622 1549 1660 fines

108 1686 371 1727 accesserant,
401 1677 576 1716 studium
607 1679 846 1715 collocarunt
872 1679 945 1714 viri
975 1677 1209 1724 doctissimi,
1237 1678 1488 1728 Desgzu'gnes
1505 1680 1549 1715 in

108 1736 286 1772 Histoire
300 1735 368 1771 des
385 1734 526 1779 Hunc,
554 1734 821 1784 probabilibus
843 1731 1006 1784 quidem
1023 1731 1074 1769 ad
1096 1735 1269 1783 speciem
1290 1736 1547 1783 argumentis,

107 1792 272 1828 minime
290 1802 382 1827 vero
400 1788 541 1826 validis
561 1797 598 1826 et
615 1791 729 1826 certis
743 1803 764 1826 e
781 1789 899 1826 Sinae
915 1789 1092 1826 confiniis
1107 1801 1173 1826 eos
1191 1791 1342 1826 excitos
1358 1790 1400 1825 in
1418 1791 1547 1826 Euro-

109 1860 203 1898 pam
227 1847 427 1884 transiisse
457 1844 639 1891 credens3
682 1845 823 1881 Belias
850 1845 1118 1881 dissertatione
1147 1845 1195 1881 de
1220 1858 1313 1881 vera
1335 1846 1486 1895 origine
1512 1851 1549 1881 et

110 1901 257 1953 epocha
274 1902 517 1938 Hunnorum
536 1901 724 1938 Avarum
753 1908 790 1936 et
806 1901 1097 1950 IIungarorum
1124 1901 1166 1936 in
1186 1901 1402 1936 Pannonia
1426 1902 1547 1942 1757.

109 1959 213 1997 inter
227 1964 377 1995 veteres
393 1958 626 1994 Ammianus
646 1957 698 1996 31
728 1958 754 1996 2
775 1957 912 1993 ceteris
932 1957 1148 1993 accuratius
1166 1955 1214 1992 de
1237 1957 1294 1994 eis
1318 1958 1411 2006 egit.
1456 1954 1548 1993 vide

110 2015 255 2052 Histor.
272 2011 505 2051 catholicam
526 2011 786 2050 Guthrianam
801 2019 830 2049 t.
852 2011 901 2052 15
919 2025 961 2062 p.
980 2013 1004 2052 1
1023 2025 1064 2062 p.
1086 2013 1164 2053 187
1184 2023 1274 2064 sqq.

217 2079 274 2117 ib.
293 2093 333 2117 v.
354 2082 421 2120 11.
477 2079 559 2117 vid.
588 2080 615 2120 4
644 2082 685 2121 7.

219 2145 274 2183 ib.
294 2159 334 2183 v.
356 2147 421 2186 12.
477 2145 722 2184 Herodotum
746 2145 780 2182 si
808 2146 992 2182 attentius
1023 2145 1184 2194 legisset
1206 2145 1387 2181 Zosimus
1409 2143 1546 2179 Euna-

109 2202 267 2253 piusve,
290 2214 336 2238 ea
356 2214 457 2252 quae
473 2200 539 2239 hic
555 2204 717 2238 tricatur
734 2201 926 2237 abessent.
977 2199 1026 2237 de
1041 2202 1195 2237 Hunnis
1211 2202 1332 2247 enim,
1361 2205 1405 2235 ut
1423 2199 1547 2235 Wes-

111 2257 269 2308 selingii
293 2269 454 2309 quoque
485 2258 679 2294 affirmare
707 2258 934 2294 auctoritate
962 2257 1074 2304 licet,
1102 2268 1300 2306 nusquam
1334 2256 1545 2306 quicquam

112 2312 335 2350 Herodotus
358 2311 481 2360 dixit,
511 2312 561 2350 de
584 2314 772 2364 Sigunnis
802 2319 955 2359 autem,
985 2324 1063 2363 quo
1089 2313 1250 2349 nomine
1271 2312 1474 2355 Zosimus,
1502 2315 1546 2345 ut

113 2381 177 2406 res
193 2367 319 2415 docet,
346 2366 532 2418 deceptus
555 2376 626 2416 est,
654 2368 857 2415 nonnulla,
885 2367 955 2405 sed
974 2368 1092 2417 longe
1111 2366 1264 2404 diversa
1284 2379 1357 2402 nec
1379 2364 1428 2401 ad
1446 2377 1547 2413 gen-

113 2431 195 2461 tem
217 2425 390 2474 aliquam
410 2423 481 2461 sed
499 2423 550 2461 ad
569 2437 692 2476 equos
715 2425 929 2474 spectantia
946 2423 1119 2460 tradidit.
1178 2422 1228 2459 de
1255 2421 1410 2471 populis
1438 2421 1546 2455 enim

114 2480 217 2516 ultra
235 2482 378 2516 Istrum
396 2480 614 2517 colentibus
634 2493 724 2516 cum
745 2481 887 2529 egisset
905 2478 1216 2530 declarassetque
1234 2489 1356 2512 unam
1370 2476 1426 2512 ibi
1446 2487 1546 2524 gen-

115 2541 198 2572 tem
214 2547 313 2582 esse,
341 2536 452 2572 cuius
470 2548 616 2572 nomen
635 2536 836 2585 Sigunuae
857 2536 919 2582 sit,
950 2534 1001 2572 de
1021 2537 1133 2586 equis
1153 2545 1289 2570 eorum
1305 2530 1404 2567 haec
1421 2531 1545 2567 subii-

116 2590 188 2627 cit:
215 2588 309 2637 τούς
331 2588 418 2630 δὲ’“’
398 2605 545 2638 ‘unove
560 2588 694 2631 αὐτῶν
680 2564 815 2630 οεῖναι
832 2587 1040 2637 Malous-⁸
1013 2606 1121 2629 «nav
1135 2586 1177 2629 τό
1194 2590 1320 2637 σῶμα,
1347 2585 1414 2626 ἔπι
1430 2583 1545 2625 πέντε

115 2643 332 2692 δακτυλους
356 2660 400 2685 το
430 2642 563 2697 βάθος
590 2650 670 2686 τῶν
699 2649 862 2699 τριχῶν·
900 2661 1064 2698 μικρους
1091 2643 1135 2684 δὲ
1164 2642 1233 2682 καὶ
1261 2654 1310 2682 σι
1319 2656 1452 2692 μους
1477 2640 1546 2680 καὶ

116 2695 415 2748 detwinus·
443 2699 592 2753 ανδρας
617 2702 763 2752 φέρειν.
818 2702 953 2753 itaque
981 2701 1031 2737 de
1058 2700 1212 2736 Hunnis
1234 2704 1325 2736 sunt
1351 2709 1397 2734 ea
1425 2709 1545 2747 prave

116 2762 272 2807 accepta
293 2768 418 2810 quae
412 2755 463 2793 ad
481 2757 747 2807 Sigunnarum
766 2770 889 2809 equos
905 2759 1115 2807 pertinent.
