1812 3016
418 129 855 174 COMMENTARIUS
887 129 1193 176 HISTORICU
1193 132 1238 175 S.
1456 129 1488 178 4
1498 131 1514 178 1
1524 133 1556 180 9

98 237 386 333 faurahah-atae,
412 240 607 288 studium,
633 240 833 295 affectatio
859 239 1090 284 Stilichonis?
1106 239 1208 280 illud
1226 248 1286 281 est
1302 239 1352 279 de
1368 253 1448 296 quo
1467 243 1556 296 agi-

110 303 188 335 tur·

219 375 261 414 p.
278 364 360 404 810
374 363 500 404 mro.
554 364 629 403 τοῦ·
648 363 719 414 τῆς
733 357 884 414 Ῥώμης
900 358 1132 405 ἐπισκόπου.
1165 364 1384 403 Innocentii
1406 366 1445 406 1.
1502 366 1555 405 cf.

109 417 319 458 Sozomen.
339 421 366 460 9
395 421 423 460 7
452 424 491 456 et
514 430 601 470 sup.
625 419 695 459 41.
750 419 811 456 Η.

220 498 262 536 Ρ.
282 487 362 526 311
383 497 423 522 v.
446 485 512 526 13.
570 485 620 523 cf.
642 483 914 536 Olympiodor.
972 485 1152 523 Rittmae
1169 484 1279 525 addit
1297 487 1326 526 l.
1344 487 1399 530 42
1419 502 1453 527 c.
1471 486 1555 529 Th.

111 538 161 578 de
178 538 329 579 haeret.
386 540 605 592 Olympius,
635 548 860 592 recuperata
876 542 1122 593 imperatoris
1139 542 1277 594 gratia,
1307 557 1396 582 cum
1411 547 1556 584 iterum

108 598 295 648 pristinos
322 595 487 647 adeptus
517 603 619 635 esset
647 595 841 646 honores,
870 596 1088 635 secundum
1112 599 1170 637 eis
1193 611 1292 637 mox
1308 608 1452 640 exutus
1473 609 1511 639 et
1531 615 1555 640 a

111 651 336 692 Constantio
357 651 584 691 interfectus
606 660 679 691 est.
736 651 1007 705 Olympiodor.

220 732 263 771 Ρ.
290 721 373 761 812
399 731 439 757 v.
465 722 506 761 6.
561 721 852 771 magistratibus
886 720 1071 772 palatinis
1101 720 1254 759 exclusi
1285 729 1395 761 erant
1425 722 1456 761 ii
1486 725 1555 776 qui

112 776 321 827 gentilium
348 776 469 813 saorla.
496 774 625 814 adhuc
628 750 933 814 adhaererent:
962 778 993 814 l.
1020 778 1074 818 21
1106 776 1193 815 cod.
1224 775 1306 815 Th.
1333 777 1383 816 de
1407 792 1556 830 pagan.

111 831 244 870 sacrif.
272 838 313 869 et
334 832 473 883 templ.
494 846 564 883 qm
559 833 749 883 'profano
759 835 923 884 pagani
937 833 1036 870 ritu-r
1056 846 1181 870 errore
1198 846 1267 870 seu
1288 836 1450 871 crimine
1460 835 1557 885 pol—

111 886 397 933 luamus-,1100
415 894 472 924 est
485 888 673 940 gentilee,
701 902 773 926 nec
790 889 849 927 ad
861 888 1048 926 militm
1064 888 1342 928 admittantur.
1383 891 1481 928 cf.1.
1499 890 1556 933 42

112 956 149 981 c.
167 941 249 982 Th.
268 941 318 981 de
335 941 489 982 haeret.

220 1009 276 1048 ib.
298 1024 339 1050 v.
360 1011 428 1052 19.
485 1011 537 1050 cf.
556 1010 587 1050 l.
607 1011 658 1054 51
682 1008 769 1050 cod.
790 1008 948 1050 Theod.
970 1008 1019 1049 de
1040 1009 1190 1050 haeret.
1215 1012 1270 1049 ibi
1289 1013 1442 1050 Comm.

220 1090 263 1130 Ρ.
274 1079 355 1120 313
365 1091 405 1116 v.
418 1079 485 1119 13.
541 1076 594 1115 ad
611 1077 888 1116 Hellebichum
907 1080 1091 1117 comitem
1107 1086 1145 1117 et
1162 1081 1395 1130 magistrum
1410 1081 1558 1118 utrius-

112 1146 191 1187 que
207 1134 374 1172 militiae
395 1140 454 1172 est
475 1135 506 1171 l.
529 1135 551 1174 1
570 1147 604 1171 c.
622 1133 703 1172 Th.
723 1134 772 1172 ‹le
792 1136 1062 1173 calumniator.
1119 1135 1358 1173 Merobaude
1376 1139 1402 1176 2
1422 1143 1460 1173 et
1481 1137 1558 1174 Sa-

112 1191 271 1228 turnino
297 1202 396 1229 coss.
417 1191 446 1227 i.
467 1203 502 1227 e.
523 1202 626 1228 anno
643 1190 736 1228 Chr.
755 1193 857 1239 380,
887 1190 992 1228 unde
1012 1189 1132 1230 huius
1147 1199 1303 1244 partem
1319 1192 1441 1230 fuisse
1462 1205 1557 1230 vero

112 1247 243 1285 simile
266 1252 338 1284 est.
394 1246 617 1284 Reinesius.

226 1326 267 1364 p.
286 1311 367 1355 314
388 1326 427 1350 v.
449 1313 490 1355 5.
548 1311 599 1360 ad
626 1310 733 1350 hunc
758 1313 964 1351 Valentem
987 1314 1172 1351 comitem
1194 1313 1499 1352 domesticorum
1518 1321 1556 1351 et

114 1369 344 1421 Olympium
371 1370 603 1420 magistrum
631 1369 848 1406 officiorum
877 1376 936 1407 est
958 1370 1027 1406 lex
1046 1370 1100 1411 42
1123 1369 1208 1407 cod.
1230 1369 1310 1407 ffb.
1336 1369 1385 1407 de
1405 1368 1556 1407 haeret.

112 1424 238 1476 impp.
259 1427 407 1463 Honor.
430 1432 470 1462 et
488 1423 645 1463 Theod.
664 1438 762 1462 coss.
783 1426 904 1463 Basso
932 1432 969 1462 et
989 1424 1191 1477 Philippo.
1221 1427 1444 1463 Reinesc‘us.
1506 1426 1555 1462 ab

111 1477 189 1519 hoo
202 1481 368 1519 Valente
389 1480 566 1519 diversus
583 1481 704 1518 fuisse
729 1479 886 1519 videtur
901 1482 936 1519 is
954 1483 1023 1533 qui
1039 1495 1092 1519 ex
1107 1483 1305 1520 Dalmatia
1329 1484 1461 1533 copias
1481 1481 1556 1518 du·-

111 1543 239 1574 xerat.
297 1537 348 1574 cf.
372 1538 531 1589 Olymp.

224 1601 279 1640 ib.
300 1617 338 1641 v.
357 1604 425 1645 21.
482 1609 718 1653 stratagema
734 1603 952 1653 politicum,
970 1615 1049 1655 quo
1065 1604 1127 1640 usi
1143 1606 1235 1640 sunt
1250 1602 1421 1654 Augusti
1438 1601 1556 1640 huius

113 1659 205 1753 zev'li'
206 1658 282 1752 1ζιᾶ
304 1658 556 1752 {zlitnejendos
577 1659 785 1708 barbaros,
815 1671 894 1711 qua
915 1658 964 1696 de
985 1671 1027 1696 re
1046 1660 1184 1696 monui
1204 1661 1244 1696 in
1262 1660 1388 1710 praef.
1407 1658 1459 1696 ad
1479 1666 1509 1696 t.
1528 1661 1556 1700 2

223 1795 266 1834 Ρ.
287 1781 368 1823 815
387 1794 427 1819 v-
448 1781 489 1822 5.
544 1780 720 1834 χρυσίου.
776 1779 869 1819 vide
885 1794 1003 1833 supra
1019 1781 1089 1819 lib.
1109 1780 1136 1822 4
1157 1794 1192 1820 c.
1214 1782 1267 1823 10
1288 1788 1326 1819 et
1342 1781 1555 1819 formulam

110 1850 153 1890 p.
170 1850 213 1890 p.
229 1850 294 1889 ap.
310 1836 600 1876 Cassiodorum.
657 1837 802 1874 Ritter.

226 1900 280 1942 ib.
301 1918 340 1942 v.
357 1907 397 1947 8.
456 1903 505 1942 de
524 1905 722 1955 legatione
741 1905 839 1941 Iovii
859 1902 910 1941 ad
921 1902 1151 1942 Alarichum
1168 1905 1218 1942 cf.
1234 1905 1442 1943 Sozomen.
1458 1905 1484 1944 9
1513 1904 1554 1944 7.

224 1970 278 2009 ib.
300 1982 340 2010 v.
361 1974 427 2015 16.
484 1966 728 2023 βουλόμενος
753 1967 796 2010 δὲ
823 1972 896 2021 τῆς
921 1970 1108 2022 μέμψεως
1131 1994 1183 2000 —
1208 1973 1377 2020 scilicet,
1406 1974 1554 2008 veritus

113 2038 166 2066 ne
180 2027 393 2079 imperator
413 2033 480 2064 aut
499 2026 761 2078 suspicaretur
778 2025 911 2077 ipsum
927 2026 1085 2065 studere
1102 2027 1288 2066 Alaricho
1302 2058 1312 2077 ‚
1343 2035 1410 2065 aut
1433 2028 1556 2065 resci-

113 2091 239 2122 sceret
263 2085 346 2121 eius
366 2083 685 2134 imprudentiam.
743 2083 804 2119 H.

225 2138 280 2176 ib.
302 2151 342 2176 v.
362 2137 428 2179 19.
484 2138 566 2176 vid.
587 2135 636 2176 de
655 2141 732 2176 ritu
749 2136 1002 2182 iurisiurandi
1021 2148 1123 2190 quae
1140 2146 1229 2190 post
1243 2138 1484 2190 Bignonium
1504 2137 1556 2174 ad

115 2195 293 2232 Marculfi
315 2195 433 2232 form.
456 2196 615 2246 collegit
635 2196 753 2231 etiam
771 2195 912 2231 Aierus
933 2193 982 2230 de
999 2196 1207 2232 iun-ament.
1266 2203 1305 2232 et
1324 2193 1556 2231 Gothofred.

115 2251 248 2288 locum
268 2249 374 2287 hunc
395 2253 487 2287 citat
504 2258 534 2288 t.
558 2254 580 2292 1
604 2261 644 2300 Ρ.
665 2250 745 2291 155
769 2263 802 2286 c.
821 2248 903 2286 Th.
933 2250 1078 2287 Ritter.
1139 2251 1190 2288 cf.
1213 2252 1394 2288 Massica
1420 2249 1468 2286 de
1493 2251 1558 2286 iu*-

118 2308 304 2344 ramentis
326 2313 504 2344 veterum
521 2309 564 2344 in
584 2307 710 2343 Me‘m.
730 2306 779 2342 de
799 2305 966 2342 l'Acad.
989 2306 1057 2343 des
1080 2307 1206 2343 [mer.
1228 2314 1257 2343 t.
1282 2310 1299 2346 1
1323 2320 1362 2356 p.
1379 2307 1474 2346 208.

230 2376 271 2413 p.
288 2362 370 2403 317
390 2376 429 2399 v.
447 2364 488 2402 3.
543 2363 858 2412 flagitiosissimis
872 2360 935 2399 his
951 2363 1192 2413 temporibus
1210 2360 1313 2398 nihil
1330 2369 1463 2398 tamen
1484 2360 1558 2396 fia·-¹

120 2418 300 2469 gitiosius
326 2416 477 2455 dictum
499 2418 698 2455 factumve
728 2418 892 2454 arbitror
923 2429 1042 2469 quam
1071 2417 1168 2465 hoc,
1196 2415 1470 2455 iusiurandum
1482 2429 1559 2465 per

120 2474 364 2524 imperatoris
386 2481 507 2523 caput
531 2475 680 2511 factum
706 2475 878 2510 sanctius
906 2480 945 2510 et
973 2474 1194 2524 religiosius
1212 2472 1392 2509 habitum
1409 2473 1559 2508 iureiu-

121 2528 244 2566 raudo
267 2542 346 2579 per
371 2543 517 2566 numen
543 2530 662 2567 facto.
720 2535 902 2580 recteque
935 2527 1036 2567 adeo
1068 2531 1250 2566 Zosimus
1278 2528 1435 2564 subiicit
1460 2526 1560 2564 adeo

120 2597 344 2635 perversam
369 2598 505 2622 eorum
528 2587 597 2637 qui
622 2591 706 2622 tum
727 2585 1012 2635 rempublicam
1033 2583 1356 2621 administrabant
1371 2590 1561 2630 mentem,

122 2638 404 2692 destitutusque
425 2654 492 2678 eos
512 2642 633 2678 fuisse
653 2641 826 2678 numinis
846 2653 936 2678 cura
957 2647 996 2678 et
1014 2646 1206 2690 respectu.
1262 2640 1322 2675 H.

234 2695 287 2732 ib.
310 2709 350 2733 v.
367 2699 393 2736 7
414 2718 465 2724 —
483 2710 525 2747 p.
544 2699 627 2738 322
640 2709 680 2733 v.
705 2696 770 2737 15.
828 2695 877 2733 de
904 2697 1158 2735 Constantino
1181 2702 1348 2746 tyranno
1371 2694 1421 2731 cf.
1438 2693 1565 2732 Sozo=

123 2763 262 2789 menus
281 2752 306 2791 9
337 2754 385 2793 11
409 2758 447 2789 et
471 2754 542 2802 12,
573 2753 731 2790 Orosius
752 2755 778 2793 7
806 2751 876 2792 40.

401 2901 412 2925 2
