1812 3016
258 45 352 94 134
877 50 1072 94 ZOSIMI

254 161 311 215 μὴ
333 159 402 203 διὰ
420 161 625 212 Γαλατίας
645 162 716 205 τὸν
737 162 930 220 Καίσαρα
954 159 1154 217 διαβάντα
1174 161 1244 206 τὸν
1256 161 1410 220 Ἴστρον
1429 160 1566 214 αὐτοῖς
1580 161 1695 206 ἔπελ-

254 233 343 271 θεῒν
374 229 701 287 σωφρονούντων.
767 231 1051 273 Κωνσταντίου
1085 231 1216 274 τοίνυν
1249 230 1291 274 ἓν
1323 229 1479 282 τούτοις
1511 230 1625 282 ὄντος
1657 231 1695 273 οἷ

107 315 139 340 a.
162 305 230 342 359
252 297 432 353 Πέρσαι,
467 296 668 354 Σαπιόρην
690 297 843 353 ἔχοντες
861 299 1045 352 βασιλέα,
1079 298 1131 341 τὰ
1151 299 1240 356 περὶ
1259 298 1331 354 τὴν
1350 299 1474 354 μέσην
1495 300 1694 354 ἐληΐζοντο

253 368 333 406 τῶν
354 369 558 419 ποταμῶν,
592 368 659 407 καὶ
677 366 729 408 τὰ
748 368 836 423 περὶ
857 365 929 421 τὴν
954 368 1118 420 Νίσιβιν
1140 365 1298 409 ἅπαντα
1323 365 1695 424 καταστρεψάμενοι

253 434 319 474 καὶ
351 432 476 487 αὐτὴν
507 432 585 487 ἤδη
614 431 724 491 πάσῃ
759 433 925 488 δυνάμει
959 434 1032 489 τὴν
1064 432 1179 477 πόλιν
1215 432 1483 491 ἐπολιόρκουν.
1550 439 1625 478 τοῦ
1652 434 1730 480 δὲό

253 505 476 556 στρατηγοῦ
507 501 808 545 Λουκιλλιανοῦ
842 502 942 558 πρὸς
971 502 1044 557 τὴν
1070 504 1301 559 πολιορκίαν
1331 502 1594 559 ἅρκέσαντος,
1623 503 1697 544 καὶ

251 571 322 609 νῦν
341 568 414 622 μὲν
435 575 518 618 τοῖς
546 568 625 610 ἀπὸ
646 574 719 624 τῆς
743 568 867 624 τύχης
892 571 1030 626 ὀρθῶς
1045 571 1301 627 χρησαμένου
1322 574 1394 613 νῦν
1415 571 1460 613 δὲ
1478 572 1546 614 καὶ
1571 586 1698 626 στρα-

252 634 494 690 τηγήμασιν,
535 634 562 690 ἡ
592 636 665 690 μὲν
693 635 808 688 πόλις
835 637 888 680 τὰ
919 636 1158 695 περιστάντα
1188 638 1394 695 διέφυγεν,
1441 639 1497 689 εἷς
1530 637 1698 692 ἔσχατον

252 704 431 746 ἐλθοῦσα
455 701 652 747 κινδύνου.
731 705 776 747 τὸ
805 706 848 747 δὲ
877 704 985 756 ὅπως
1015 706 1195 762 περιττὸν
1225 704 1438 761 ἡγησάμην
1469 708 1698 758 διεξελθεῖν,

253 771 378 812 αὐτοῦ
395 775 468 813 τοῦ
489 772 698 829 Καίσαρος
723 773 765 814 ἓν
794 774 878 832 ἷὸίᾳ
906 778 1118 830 συγγραφῇ
1143 771 1274 816 πάντα
1306 772 1617 830 ἀφηγησαμένου
1641 772 1695 815 τὰ
1709 777 1754 814 10

252 837 339 880 τότε
361 839 616 894 πραχθέντα,
662 838 762 897 ἅπερ
797 839 903 882 ἴστιν
935 842 991 891 εἷς
1015 847 1155 898 χεῖρας
1180 838 1359 894 λαβόντα
1388 841 1462 896 τὴν
1495 842 1537 884 ἓν
1566 838 1700 897 λόγοις

254 905 383 962 ἄκραν
403 911 476 948 τοῦ
498 907 644 963 ἀνδρὸς
666 909 836 950 συνιδεῖν
859 906 1015 965 ἀρετήν.

388 973 629 1017 Λυκούντων
650 976 693 1018 δὲ
717 974 814 1018 εἶναι
835 980 915 1018 τῶν
935 975 1038 1018 κατὰ
1059 974 1130 1030 τὴν
1151 972 1255 1032 ἕῴαν
1272 975 1314 1018 ἓν
1333 973 1480 1035 ἡσυχίᾳ
1492 1006 1507 1027 ,
1534 976 1601 1018 καὶ
1619 978 1699 1018 τῶν

253 1045 326 1082 τοῦ
347 1043 557 1098 Καίσαρος
586 1041 914 1100 κατορθωμάτων
939 1044 980 1086 ἐν
1009 1049 1093 1093 τοῖς
1119 1041 1305 1086 ἁπάντων
1335 1041 1530 1098 στόμασιν
1561 1042 1699 1095 ὄντων,

256 1111 393 1160 δεινῶς
414 1108 435 1151 ὁ
456 1109 736 1162 Κωνστάντιος
756 1110 974 1166 συνεστάλη
993 1115 1050 1168 τῷ
1072 1109 1247 1168 φθόνου
1296 1115 1347 1167 τῇ
1364 1112 1408 1154 δὲ
1430 1115 1510 1154 τῶν
1530 1111 1572 1153 ἔν
1588 1112 1756 1157 Kal-15

254 1183 338 1226 τοῖς
363 1194 404 1219 τε
430 1179 496 1220 καὶ
523 1178 679 1235 Ἴβηρσι
711 1178 957 1236 πραγμάτων
987 1179 1176 1238 εὐημερίᾳ
1205 1178 1447 1233 δακνόμενος
1475 1180 1699 1234 ἐμηχανᾶτο

255 1243 497 1301 προφάσεις,
537 1247 593 1287 δι’
629 1241 684 1288 ὧν
714 1247 763 1289 ἂν
798 1248 987 1301 δυνηθείη
1015 1246 1120 1289 κατὰ
1151 1246 1284 1302 βραχῦ
1307 1249 1373 1289 καὶ
1395 1245 1702 1302 ἇνεπαισθήτως

255 1311 330 1361 τὰς
349 1317 421 1354 τοῦ
439 1314 650 1369 Καίσαρος
667 1315 887 1357 ἐλαττῶσαι
909 1312 1118 1367 δυνάμεις,
1163 1313 1266 1356 οὕτω
1287 1332 1329 1357 τε
1349 1319 1421 1368 τῆς
1440 1314 1555 1365 ἀξίας
1579 1314 1701 1357 αὐτὸν

255 1383 500 1435 παραλῦσαι.
569 1381 710 1434 πέμπει
731 1384 861 1423 τοίνυν
881 1379 937 1432 ὥς
957 1379 1090 1432 αὐτόν,
1123 1380 1309 1437 τάγματα
1331 1380 1404 1424 δύο
1425 1387 1505 1424 τῶν
1526 1383 1568 1424 ἐν
1591 1384 1701 1424 Κελ-
1759 1386 1762 1388 ’

255 1453 339 1496 τοῖς
369 1453 622 1501 στρατιωτῶν
659 1450 938 1507 ἐκπεμφθῆναι
967 1448 1134 1492 κελεύων
1167 1447 1223 1499 ῶς
1255 1449 1305 1504 δὴ
1334 1453 1406 1505 τῆς
1437 1449 1515 1492 ἀπὸ
1548 1448 1756 1493 τούτων20

257 1513 440 1568 δεόμενος
462 1518 670 1570 βοηθείας.
715 1517 934 1559 Ἰουλιανοῦ
954 1518 996 1559 δὲ
1019 1516 1250 1575 ἆγνοίατῆς
1273 1517 1400 1560 αὐτοῦ
1421 1518 1700 1575 προαιρέσεως,

257 1583 323 1623 καὶ
355 1581 441 1636 ἅμα
471 1585 538 1625 διὰ
568 1584 613 1626 τὸ
638 1584 697 1638 μὴ
722 1583 924 1643 πρόφασιν
949 1585 1069 1642 ὀργῆς
1101 1585 1211 1643 αὐτῷ
1231 1587 1393 1637 δοῦναι,
1433 1585 1479 1628 τὸ
1503 1586 1702 1641 ἐπίταγμα

348 1686 392 1723 14
403 1685 451 1742 ’ἐν
474 1701 527 1724 om
551 1690 622 1724 LP.
759 1692 803 1727 17
826 1688 1107 1735 ἀνεπαισθήτους
1129 1691 1159 1725 L
1183 1702 1321 1736 margo:
1346 1673 1525 1736 legebatur
1547 1688 1702 1727 ἀνεπαι-

347 1743 517 1777 σχυντως.

256 1824 369 1856 tantas
383 1823 520 1858 barbari
537 1835 616 1869 prae
630 1828 733 1868 metu,
756 1837 798 1860 ne
814 1838 877 1873 per
892 1827 1038 1861 Galliam
1054 1825 1226 1871 profectus
1243 1825 1371 1859 Caesar
1386 1826 1507 1860 istrum
1523 1825 1701 1860 transiice-

258 1872 312 1901 ret
327 1874 362 1901 et
376 1868 466 1914 ipsos
480 1870 690 1912 adoriretur,
720 1871 810 1904 intra
834 1872 1015 1906 modestiae
1038 1873 1124 1905 fines
1138 1883 1176 1905 se
1191 1871 1413 1905 continebant.
1459 1883 1531 1905 cum
1547 1872 1648 1915 igitur
1664 1871 1698 1904 in

258 1913 308 1946 his
325 1920 508 1958 occupatus
527 1921 616 1949 esset
631 1917 856 1958 Constantius,
877 1918 1014 1961 Persae,
1038 1917 1097 1962 qui
1111 1916 1274 1961 Saporem
1289 1916 1455 1950 habebant
1470 1928 1608 1960 regem,⁴
1620 1917 1700 1950 Me-

258 1959 477 2001 sopotamiam
490 1960 619 1993 infestis
636 1962 898 2004 grassationibus
912 1964 1103 2004 vexabant,
1134 1968 1169 1995 et
1189 1961 1328 1995 vastatis
1345 1961 1494 1998 omnibus
1509 1961 1552 1995 ad
1567 1961 1698 1995 Nisibin

258 2002 332 2036 sitis
349 2004 461 2037 urbem
477 2004 583 2048 ipsam
597 2006 677 2039 totis
693 2007 818 2040 viribus
834 2007 1043 2042 obsidebant.
1076 2007 1134 2041 sed
1149 2016 1223 2040 cum
1237 2005 1303 2039 dux
1317 2005 1519 2039 Lucillianus
1534 2006 1700 2040 obsidioni

257 2047 473 2082 sustinendae
494 2049 632 2083 idoneus
657 2052 777 2096 partim
801 2052 923 2086 oblatis
946 2054 1035 2086 forte
1049 2054 1184 2086 fortuna
1199 2050 1425 2085 occasionibus
1441 2051 1561 2096 partim
1576 2056 1699 2085 strata-

259 2093 399 2136 gematis
415 2098 508 2127 recte
521 2095 641 2129 suisset
656 2107 734 2130 usus
746 2123 756 2139 ,
787 2099 867 2131 urbs
891 2098 1131 2132 imminentibus
1146 2096 1240 2130 malis
1255 2101 1307 2130 est
1321 2102 1459 2140 erepta,
1491 2097 1570 2130 licet
1583 2101 1700 2130 extre·-

258 2148 345 2171 mum
361 2138 394 2171 in
410 2138 586 2173 discrimen
603 2141 746 2175 adducta
762 2143 891 2177 fuisset.
944 2143 977 2176 id
1002 2147 1112 2176 autem
1137 2153 1204 2187 quo
1228 2141 1325 2175 modo
1349 2142 1473 2175 factum
1499 2142 1563 2186 sit,
1598 2153 1620 2174 a
1646 2153 1700 2176 me

261 2184 508 2217 commemorari
523 2196 806 2229 supervacaneum
821 2188 911 2231 duxi,
938 2199 1010 2222 cum
1025 2188 1099 2233 ipse
1115 2188 1241 2222 Caesar
1256 2186 1364 2219 omnia
1378 2191 1447 2220 tum
1465 2186 1621 2232 temporis
1635 2198 1700 2231 ge-

259 2234 313 2261 sta
327 2228 489 2274 peculiari
504 2230 630 2274 scripto
646 2232 788 2274 quodam
805 2233 1008 2278 exposuerit.
1055 2244 1097 2266 ea
1119 2243 1201 2267 vero
1219 2232 1249 2266 si
1263 2231 1338 2276 quis
1346 2231 1386 2266 <in
1401 2243 1530 2266 manum
1546 2243 1699 2277 sumpse-

259 2274 313 2318 rit,
338 2273 436 2308 buius
450 2274 513 2308 viri
530 2285 689 2310 summam
705 2276 737 2310 in
752 2278 891 2311 dicendo
906 2278 973 2312 vim
990 2278 1183 2323 perspiciet.

351 2319 509 2353 Ceterum
532 2320 588 2353 ubi
612 2321 677 2354 iam
699 2321 733 2354 in
755 2323 931 2367 tranquillo
953 2335 1008 2357 res
1024 2322 1174 2357 Orientis
1195 2321 1326 2367 positae
1340 2321 1537 2356 viderentur
1551 2324 1585 2355 et
1599 2332 1700 2366 prae-

262 2363 354 2397 clara
370 2365 462 2399 facta
477 2365 634 2399 Caesaris
650 2366 684 2399 in
700 2368 841 2401 omnium
859 2380 917 2402 ore
931 2372 1044 2402 essent
1055 2394 1065 2410 ,
1098 2367 1194 2412 gravi
1218 2367 1358 2412 quadam
1365 2367 1510 2400 invidia
1525 2371 1698 2410 correptus

261 2413 314 2442 est
329 2409 556 2444 Constantius.
604 2411 751 2455 ideoque
775 2416 918 2457 propter
943 2425 1053 2447 rerum
1078 2413 1218 2447 omnium
1233 2423 1413 2457 prosperos
1429 2413 1517 2457 apud
1534 2411 1647 2444 Celtas
1663 2414 1700 2444 et

260 2454 430 2500 Hispanos
445 2465 618 2490 successus
631 2456 791 2509 quosdam
807 2458 904 2491 animi
918 2469 1048 2492 morsus
1061 2457 1216 2498 sentiens,
1232 2458 1424 2492 occasiones
1440 2457 1608 2502 captabat,
1623 2454 1699 2500 qui-

261 2500 325 2532 bus
341 2500 501 2544 paulatim
511 2529 521 2545 ‚
545 2505 580 2535 et
593 2501 877 2536 ammadvertente
891 2503 1038 2545 nemine,
1060 2503 1213 2537 Caesaris
1227 2503 1316 2536 vires
1333 2503 1522 2536 imminua-e
1534 2506 1650 2546 posset
1663 2503 1700 2534 et

262 2544 327 2577 hoc
342 2545 440 2579 modo
456 2546 650 2590 dignitatem
665 2547 696 2580 ei
709 2558 801 2580 suam
817 2548 974 2582 adimere.
1018 2552 1222 2592 quapropter
1237 2548 1280 2581 ad
1297 2560 1369 2581 eum
1387 2548 1507 2589 mittit,
1537 2551 1572 2579 et
1595 2545 1638 2598 ad
1661 2556 1699 2579 se

262 2589 411 2631 legiones
427 2591 508 2625 duas
523 2592 723 2626 celticorum
739 2592 876 2626 militum
890 2592 1038 2636 ablegari
1053 2593 1204 2634 mandat,
1239 2594 1334 2637 quasi
1349 2604 1462 2627 eorum
1479 2590 1610 2626 auxiliis
1624 2601 1706 2636 lpse·

262 2633 443 2678 indigeret.
488 2636 565 2670 huic
579 2637 733 2671 mandato
748 2648 820 2671 cum
836 2637 946 2672 statim
961 2637 1108 2671 lulianus
1123 2637 1360 2679 satisfecisset,
1389 2637 1509 2683 partim
1534 2635 1622 2680 quod
1645 2634 1698 2681 in-

263 2678 414 2715 stitutum
427 2681 533 2727 ipsius
549 2682 732 2728 ignoraret,
745 2683 867 2729 partim
880 2694 924 2717 ne
937 2693 1037 2728 quam
1051 2682 1260 2719 occasionem
1276 2684 1308 2718 ei
1322 2681 1540 2719 succensendi
1554 2680 1699 2726 praebe·
