1774 3002
235 73 331 123 104
847 77 1044 122 ZOSIMI

365 189 442 235 38.
510 190 807 242 Κωνσταντῒνος
828 191 872 234 δὲ
892 186 1021 234 ταῦτα
1043 185 1361 247 διαπραξάμενος
1377 189 1563 233 διετέλεσε
1581 191 1663 232 δω-

233 263 341 313 ρεαΐς
371 257 443 301 οὐκ
471 258 512 300 ἓν
539 258 664 300 δέοντι
693 259 937 313 γινομέναις,
963 259 1067 302 ἀλλὰ
1085 260 1141 309 εἰς
1157 257 1341 308 ἀναξίους
1360 261 1427 300 καὶ
1449 258 1665 315 ἀνωφελεῖς

232 323 492 381 ἀνθρώπους,
533 325 627 375 τοὺς
658 324 810 382 φόρους
837 327 1090 378 ἓκδαπανῶν,
1125 327 1190 368 καὶ
1214 332 1301 376 τοῖς
1332 325 1406 380 μέν
1437 327 1664 382 εἰσφέρουσι

231 391 430 448 γινόμενος
465 391 672 450 φορτικός,
706 393 801 443 τοὺς
829 395 873 436 δὲ
901 396 1026 449 μηδὲν
1056 393 1221 451 ὠφελεῖν
1242 393 1483 447 δυναμένους
1501 394 1663 434 πλουτί-

231 452 330 511 ζων·
363 460 435 514 τὴν
457 460 533 517 γὰρ
550 460 729 502 ἀσωτίαν
750 459 878 516 ἢγεΐτο
901 463 1142 519 φιλοτιμίαν.
1208 454 1324 511 οὗτος
1342 462 1409 503 καὶ
1429 460 1502 514 τὴν
1522 462 1696 517 clamo-5

232 527 308 585 ρὰν
341 526 509 582 ἐπήγαγε
538 529 706 583 χρυσίου
739 545 781 571 τε
815 531 883 571 καὶ
916 528 1091 587 ἀργύρου
1114 532 1212 571 πᾶσι
1234 534 1318 578 τοῖς
1340 526 1572 582 ἁπανταχοῦ
1593 532 1666 582 γῆς

233 599 411 648 μετιοῦσι
440 595 512 644 τὰς
541 596 732 651 ἐμπορίας
759 598 826 638 καὶ
859 604 942 648 τοῖς
969 599 1010 639 έν
1040 604 1127 647 ταῖς
1147 594 1284 638 πόλεσι
1306 596 1506 638 πανωνιάν
1525 611 1668 652 προτι-

233 666 341 703 θεῖσι
353 693 366 713 ,
392 663 508 718 μέχρι
529 665 595 704 καὶ
619 667 699 704 τῶν
722 663 1026 716 εὐτελεστάτων,
1061 665 1154 707 οὐδὲ
1184 665 1388 717 δυστυχεῖς
1410 662 1571 719 ἑταίρας
1589 661 1668 713 ἔξω

234 728 384 783 ταύτης
405 729 527 779 ἐάσας
547 734 619 784 τῆς
637 732 848 787 εἰσφορᾶς,
882 731 981 774 ὥστε
1003 727 1054 787 ἦν
1074 734 1182 774 ἰδεῖν.
1189 732 1402 784 μέλλοντος
1418 735 1491 774 τοῦ
1506 747 1667 786 τετραε-

235 800 328 846 τοῦς
359 797 593 839 ἐνίστασθαι
619 796 789 853 χρόνου,
817 799 919 840 καθ’
954 799 999 841 ὃν
1030 799 1107 842 ἔδει
1139 802 1255 841 τοῦτο
1283 798 1329 840 τὸ
1352 800 1464 847 τέλος
1487 798 1665 854 εἷσφέρε-
1679 805 1724 839 10

237 867 361 915 σθαι,
407 862 585 920 θρήνους
617 865 693 906 ἀνὰ
722 870 856 908 πᾶσαν
886 865 1000 908 πόλιν
1028 869 1094 908 καὶ
1123 864 1345 922 ὀδυρμούς,
1387 864 1595 915 ἐνστάντος
1625 865 1669 907 δὲ

235 929 433 986 μάστιγας
451 934 517 973 καὶ
536 930 739 986 βασάνους
760 935 1042 990 ἐπιφερομένας
1064 940 1146 984 τοῖς
1163 932 1322 988 σώμασι
1346 937 1426 975 τῶν
1447 933 1515 974 διὰ
1535 933 1670 974 πενίαν

237 997 407 1052 ἐσχάτην
441 1001 581 1053 ζημίας
610 997 829 1055 ὑπενεγκεῖν
855 1001 912 1055 μὴ
949 1003 1187 1055 δυναμένων.
1253 1001 1332 1055 ἤδη
1356 1001 1400 1043 δὲ
1419 1003 1486 1042 καὶ
1504 1001 1670 1056 μητέρες

237 1066 428 1108 ἀπέδοντο
450 1067 544 1116 τοὺς
561 1069 728 1118 παῖδας,
758 1070 823 1110 καὶ
845 1069 1008 1125 πατέρες
1028 1070 1089 1110 ἐπὶ
1109 1069 1289 1126 πορνείου
1307 1069 1535 1124 θυγατέρας
1554 1066 1671 1122 ε’στή-

239 1150 383 1185 σαντο,
412 1135 453 1175 ἐκ
481 1138 551 1189 τῆς
575 1133 726 1177 τούτων
758 1137 942 1192 ε’ργασίας
971 1135 1158 1194 ἀργύριον
1187 1142 1270 1187 τοῖς
1294 1140 1366 1178 τοῦ
1387 1133 1670 1192 χρυσαργῦρου
1681 1140 1724 1176 15

240 1199 482 1258 πράκτορσιν
512 1204 733 1258 εἴσενεγκεῖν
764 1202 1015 1258 ἐπειγόμενοι.
1080 1201 1324 1258 βουλόμενος
1351 1204 1394 1246 δὲ
1429 1205 1495 1245 καὶ
1521 1209 1604 1252 τοῖς
1629 1204 1672 1244 ἓν

240 1271 407 1326 λαμπρᾷ
423 1267 522 1324 τύχῃ
540 1271 773 1325 περινοῆσαί
785 1288 823 1312 τι
843 1270 1040 1326 λυπηρόν,
1068 1272 1232 1313 ἕκαστον
1249 1273 1304 1320 εἷς
1318 1270 1389 1325 τὴν
1407 1275 1480 1312 τοῦ
1495 1272 1672 1326 πραίτω-

241 1351 311 1390 ρος
338 1336 452 1386 ἀξίαν
482 1335 633 1388 ἐκάλει,
663 1339 728 1379 καὶ
752 1342 810 1394 τῷ
827 1337 1134 1393 προκαλύμματι
1150 1343 1221 1392 τῆς
1241 1342 1358 1392 τιμῆς
1378 1336 1552 1394 ἀργύρου
1571 1354 1672 1380 στα-

241 1402 350 1455 θμὸν
379 1401 516 1459 ἀπῄτει
542 1402 678 1446 πολύν.
743 1399 792 1459 ἦν
811 1400 880 1446 οὖν
902 1407 997 1448 ι’ὁεῖν
1015 1410 1094 1449 τῶν
1115 1408 1170 1456 εἰς
1191 1410 1308 1447 τοῦτο
1326 1405 1570 1460 τεταγμένων
1585 1406 1671 1446 ἔπι-

242 1468 472 1523 δημούντων
491 1478 578 1521 ταῖς
595 1470 729 1513 πόλεσι
748 1472 877 1528 φυγὴν
896 1470 1080 1526 ἁπάντων
1098 1475 1163 1515 καὶ
1183 1473 1409 1528 ἀποδημίαν
1430 1471 1727 1529 ἀλλόφυλον,ω

243 1537 318 1579 ὁέει
348 1542 420 1580 τοῦ
448 1538 506 1593 μὴ
539 1537 612 1581 σὺν
638 1539 812 1600 ἀπωλείᾳ
845 1543 916 1594 τῆς
948 1540 1086 1593 οὗσιάς
1114 1539 1261 1596 ταύτης
1287 1547 1418 1595 τυχεῖν
1444 1544 1516 1595 τῆς
1542 1540 1668 1591 ἀξίας.

329 1676 351 1709 8
375 1674 555 1710 Godot'red.
575 1677 616 1711 ad
641 1677 712 1711 cod.
728 1676 796 1711 Th.
823 1681 848 1711 t.
864 1677 885 1712 5
910 1689 940 1731 p.
957 1677 981 1712 4
1001 1678 1166 1712 Zosimum
1189 1681 1291 1732 putat⁸
1305 1677 1339 1712 in
1362 1678 1572 1713 taber-nortia
1593 1678 1617 1714 i.
1641 1691 1671 1717 e.

329 1721 488 1754 tabernas
502 1722 738 1766 negotiatorias
754 1724 986 1758 exercentibus
1003 1725 1131 1769 lapsum
1144 1735 1236 1765 esse;
1259 1724 1293 1756 ln
1313 1734 1393 1757 vero
1412 1724 1672 1768 cbryaargyrum

331 1765 527 1844 solvebsant,
549 1779 615 1803 non
630 1767 830 1804 meretrices.
853 1769 896 1804 R.
1003 1771 1045 1805 12
1068 1767 1131 1805 διὰ
1147 1770 1272 1811 πενίας
1286 1765 1435 1815 ἐσχάτης
1447 1770 1576 1814 ζημίαν
1590 1769 1669 1805 LP:

333 1821 412 1845 001'1'
461 1836 471 1847 ι

316 1931 386 1966 ³8.
433 1932 591 1967 Ceterum
618 1934 857 1970 Constantinus
879 1937 929 1971 liis
953 1936 1001 1971 ita
1025 1937 1185 1983 perfectis
1207 1936 1382 1971 exhaurire
1405 1947 1470 1970 non
1495 1935 1670 1970 desinebat

241 1975 420 2019 vectigalia
446 1977 691 2021 largitionibus,
713 1992 802 2025 quae
826 1993 890 2015 non
914 1982 969 2015 ubi
987 1994 1048 2028 par
1061 1989 1155 2025 erat,
1175 1982 1236 2016 aed
1249 1983 1283 2015 in
1299 1981 1445 2015 homines
1458 1981 1614 2025 indignos
1629 1993 1670 2015 ao

242 2020 376 2053 inutiles
401 2022 535 2056 fiebant.
585 2029 618 2057 et
644 2025 855 2059 collatoribus
874 2026 1003 2070 quidem
1019 2028 1215 2061 tributorum
1230 2027 1342 2070 gravis
1359 2031 1450 2069 erat,
1473 2026 1545 2060 illos
1559 2033 1670 2061 autem

243 2065 432 2100 cumulabat
450 2067 568 2111 opibus
585 2068 642 2111 qui
657 2069 734 2102 nulli
750 2082 823 2104 esse
838 2071 911 2104 usui
926 2077 1095 2115 poterant:
1119 2084 1192 2106 nam
1214 2071 1434 2116 profusionem
1454 2082 1516 2116 pro
1541 2072 1671 2105 munifi-

242 2109 353 2143 centia
376 2111 529 2147 ducebat.
574 2112 661 2146 idem
686 2119 721 2147 et
743 2115 814 2148 auri
831 2116 1027 2160 argentique
1042 2117 1246 2151 collationem
1259 2116 1418 2161 imposuit
1431 2116 1582 2150 omnibus
1597 2117 1672 2150 ubi-

242 2166 308 2198 que
321 2160 486 2190 terrarum
501 2157 743 2200 negotiationes
758 2161 987 2194 exercentibus
1002 2166 1037 2194 et
1051 2161 1252 2195 dardanariis
1267 2161 1461 2205 oppidorum
1472 2186 1482 2202 ‚
1509 2161 1550 2194 nd
1578 2161 1670 2195 vilis—

242 2200 343 2233 simos
359 2211 480 2245 usque,
505 2213 547 2235 ne
561 2202 688 2236 miseris
703 2203 834 2247 quidem
850 2205 1066 2240 meretriculis
1080 2208 1144 2241 hac
1159 2205 1335 2240 collatione
1350 2206 1512 2240 liberatis.
1557 2206 1672 2251 itaque

242 2244 359 2278 videre
385 2251 475 2290 erat,
500 2246 632 2290 quoties
659 2254 798 2292 quartus
823 2250 961 2294 quisque
985 2262 1090 2285 annus
1116 2255 1310 2296 appeteret,
1333 2262 1399 2295 quo
1413 2252 1573 2285 tributum
1588 2250 1670 2285 illud

243 2289 449 2334 pendendum
471 2296 566 2333 erat,
589 2303 697 2325 meras
710 2305 771 2338 per
785 2305 898 2328 omnes
913 2296 1012 2329 urbes
1031 2296 1183 2330 lacrimas
1197 2300 1232 2329 et
1246 2295 1415 2340 ploratus:
1439 2297 1495 2329 ubi
1511 2307 1591 2330 vero
1606 2296 1670 2329 iam

243 2334 454 2380 advenisset,
477 2335 606 2370 nonnisi
622 2337 729 2380 flagra
745 2343 971 2384 tormentaque
986 2341 1179 2386 corporibus
1193 2351 1303 2374 eorum
1317 2341 1465 2374 adhibita
1475 2367 1484 2382 ‚
1508 2341 1564 2385 qui
1589 2352 1670 2384 pro-

244 2385 321 2416 pter
345 2385 574 2425 paupertatem
600 2388 780 2416 extremam
804 2384 970 2418 sustinere
991 2385 1152 2419 iacturam
1167 2385 1251 2418 lianc
1265 2397 1331 2418 non
1346 2391 1494 2430 possent.
1541 2385 1618 2429 quin
1635 2390 1670 2420 et

242 2423 366 2458 liberos
389 2425 484 2470 ipsae
501 2430 622 2460 matres
636 2427 864 2462 distrahebant
875 2455 886 2472 ,
919 2435 955 2463 et
971 2436 1086 2474 patrea
1103 2430 1189 2464 filias
1205 2430 1466 2474 prostituebant‚
1499 2442 1541 2464 ex
1557 2431 1670 2464 barum

244 2475 385 2511 quaestu
408 2471 622 2515 chrysargyri
645 2473 854 2507 exactoribus
876 2475 1047 2519 pecuniam
1072 2476 1195 2509 offerre
1210 2475 1324 2508 coacti.
1372 2485 1510 2519 cunique
1524 2475 1669 2518 splendi-

245 2513 346 2548 dioris
375 2515 474 2550 etiam
500 2518 655 2550 fortunae
671 2517 855 2551 hominibus
870 2520 1062 2562 excogitare
1074 2519 1224 2564 quiddam
1239 2520 1343 2552 vellet
1357 2520 1443 2564 quod
1461 2520 1508 2553 eis
1522 2520 1670 2553 dolorem

244 2559 394 2602 afferret,
417 2561 597 2605 quemlibet
609 2562 723 2595 horum
738 2562 779 2595 ad
796 2568 975 2607 praeturae
990 2565 1180 2609 dignitatem
1196 2566 1349 2603 vocabat.
1372 2570 1408 2597 et
1422 2564 1555 2597 lionoris
1570 2575 1670 2608 prae-

244 2607 339 2636 textu
354 2615 507 2650 magnum
522 2607 681 2651 pecuniae
738 2607 823 2640 ndns
838 2607 1006 2652 exigebat.
1051 2609 1169 2643 iccirco
1184 2609 1314 2652 quoties
1330 2609 1371 2641 ad
1386 2610 1487 2642 urbes
1502 2609 1671 2643 venissent

243 2648 300 2690 qui
315 2649 413 2683 huius
427 2651 476 2684 rei
489 2651 676 2685 mandatum
715 2652 870 2695 abebant,
886 2653 1001 2686 videre
1015 2658 1089 2687 erat
1101 2655 1212 2697 fugam
1229 2654 1368 2686 omnium
1385 2658 1418 2686 et
1433 2654 1669 2696 profectionem

242 2692 284 2726 ad
312 2698 510 2740 extraneos,
531 2696 746 2731 metuentium
770 2709 814 2732 ne
838 2709 910 2732 cum
936 2698 1131 2732 facultatum
1153 2698 1350 2733 detrimento
1373 2698 1568 2742 dignitatem
1586 2700 1672 2734 hanc
