1748 3016
179 83 277 132 448

220 202 282 227 nus
294 192 350 235 96,
364 193 399 229 2.
444 193 573 228 Romae
586 192 725 228 fortuna
739 190 843 238 Cpoli
858 203 882 228 a

221 239 443 273 Constantino
459 239 567 285 posita
581 240 637 279 97,
654 240 709 274 19.

175 285 317 319 Romani
330 285 445 318 Persis
458 285 580 319 cedere
593 284 726 330 quando
754 295 880 329 coepe-

220 331 288 364 rint
306 331 382 368 169,
396 332 452 364 20.

175 376 359 410 Romanum
376 375 420 408 im
446 375 549 410 erium
563 386 718 410 crescere
732 378 769 409 et
781 374 879 409 incli-

222 432 305 455 nate
326 432 414 466 quan
439 433 460 455 o
483 426 519 456 et
541 421 708 467 quomodo
729 421 880 466 coeperit

224 469 281 509 11,
296 468 329 501 2.

178 512 350 546 Romanus
367 523 453 556 mag.
468 511 534 547 mil.
549 511 583 546 in
599 511 714 546 Afrim
730 512 807 555 190,
826 512 880 547 14.

177 558 338 592 Romulus
352 557 516 592 Maxentii
528 558 596 591 dux
613 558 688 601 119,
704 558 738 593 8.

175 604 323 645 Romus,
345 604 469 637 Remus
483 603 562 645 284,
579 604 633 638 17.

175 649 298 682 Rufius
312 649 515 682 Vulusianus
529 650 585 691 78,
604 648 660 682 13.

175 694 319 727 Rufinus
333 693 547 728 Atheniensis
560 692 640 734 240,
655 693 712 727 20.

174 739 318 774 Rufinus
356 739 455 772 Celta
492 742 620 783 quanta
656 737 760 772 fuerit
790 736 882 783 apud

218 784 446 818 Theodosium
474 782 640 827 dignitate
669 788 706 817 et
735 783 881 817 auctori-

216 834 289 863 tate
322 829 400 871 235,
429 828 484 864 15.
540 828 716 862 consulatu
744 833 882 862 ornatur

218 880 256 909 et
278 885 356 909 mox
379 874 478 908 aulae
499 874 716 919 praefectura
730 874 809 915 236,
826 875 880 909 17.

214 921 315 954 aulae
342 920 593 966 praefecturam
624 931 684 964 pro
712 920 880 953 arbitratu

217 966 308 1009 gerit
335 966 414 1008 243,
445 966 477 999 1.
553 964 726 999 orientalis
749 964 880 1010 imperii

217 1010 535 1046 administrationem
554 1015 694 1054 nactus,
717 1021 758 1044 ea
774 1011 880 1044 licen-

216 1057 284 1090 tius
311 1056 464 1090 abutitur
494 1056 575 1096 246,
609 1057 665 1091 10.
718 1055 880 1100 principis

216 1102 387 1136 affinitate
408 1103 591 1135 frustratus
613 1100 793 1135 vindictam
808 1112 879 1135 me-

216 1148 345 1181 ditatur
363 1147 441 1190 250,
455 1148 488 1182 6.

217 1204 358 1227 eversus
385 1192 465 1236 255,
495 1192 528 1226 4.
580 1192 696 1225 Rufini
728 1203 814 1225 uxor
843 1196 879 1225 et

214 1239 284 1272 filia
305 1238 487 1271 incolumes
503 1236 713 1271 dimittuntur
727 1238 805 1280 256,
822 1239 877 1271 10.

170 1284 319 1318 Sabatha
334 1295 412 1329 opp.
429 1283 609 1317 Armeniae
625 1284 701 1321 158.
714 1284 748 1318 7.

170 1330 339 1367 Sabianus
374 1329 417 1362 ad
455 1327 629 1373 imperium
666 1332 806 1362 evectus
842 1327 877 1362 in

214 1375 326 1408 Africa
343 1375 400 1416 20,
419 1376 473 1408 14.

169 1421 212 1454 C.
229 1420 373 1453 Sabinus
388 1418 503 1452 consul
519 1419 574 1459 67,
593 1419 624 1452 1.

167 1465 312 1499 Sabinus
327 1464 512 1498 Nisibenus
526 1468 663 1497 senator
679 1462 756 1506 171,
771 1462 806 1498 2.

166 1522 266 1545 sacra
285 1515 449 1543 nocturna
464 1508 687 1542 Valentiniani
702 1508 777 1551 lege
791 1517 874 1552 pro-

211 1555 317 1590 hibita
327 1580 337 1593 ,
361 1567 437 1589 mox
452 1558 564 1588 tamen
579 1554 697 1587 iterum
714 1558 874 1587 concessa

213 1602 292 1643 176,
305 1600 374 1636 12.⁴
405 1599 511 1634 sacris
525 1599 644 1645 patriis
658 1598 762 1632 utitur
781 1598 875 1632 Con-

210 1646 378 1681 stantinus
407 1647 611 1680 necessitate
640 1644 746 1687 magis
775 1655 874 1688 quam

209 1692 323 1726 studio
353 1690 409 1734 94,
428 1694 463 1727 7.
510 1701 607 1725 sacra
634 1689 772 1734 gentilia
801 1690 875 1734 pri-

210 1748 284 1771 mus
302 1735 526 1770 Alexandriae
549 1735 739 1770 convellere
761 1734 875 1780 coepit

209 1782 421 1826 Theophilus
440 1783 517 1822 278,
535 1783 588 1816 17.

164 1828 364 1862 sacrificium
407 1827 470 1860 diis
507 1826 659 1860 manibus
688 1825 750 1860 sub
779 1827 873 1859 terra

211 1878 291 1907 ante
323 1873 511 1906 conflictum
541 1872 597 1914 65,
623 1872 679 1906 17.
739 1871 872 1904 sacrifi-

210 1918 265 1952 cia
287 1917 363 1951 fieri
387 1918 526 1962 amplius
547 1921 645 1950 vetat
659 1916 871 1950 Theodosius

207 1963 286 2006 245,
297 1962 349 1996 14.
385 1963 553 1996 sacrificia
568 1962 687 2005 quibus
703 1961 746 1995 de
761 1961 871 1995 causis

209 2007 423 2042 Theodosius
438 2007 563 2041 aboleri
578 2007 711 2040 iusserit
720 2006 800 2048 245,
814 2007 869 2041 13.

157 2053 318 2088 sacrificis
356 2064 485 2086 merces
530 2052 695 2097 primitiae
731 2052 865 2095 frugum

155 2125 329 2188 sacrilegia
352 2141 503 2176 incendio
524 2141 682 2177 divinitus
699 2141 865 2187 castigata

155 2235 330 2269 saeculnm
340 2233 434 2278 quid,
445 2237 479 2267 et
486 2232 556 2266 ludi
565 2232 759 2267 saeculares
769 2232 862 2276 63,3.

154 2281 352 2315 saeculares
366 2278 438 2313 ludi
451 2279 618 2323 originem
630 2279 720 2312 unde
732 2278 862 2311 habue-

205 2326 276 2361 rint
287 2326 343 2369 63,
352 2325 386 2359 5.
411 2335 572 2369 quorsum
584 2323 733 2357 instituti
742 2324 796 2367 65,
808 2324 863 2358 12.

206 2371 331 2418 peragi
344 2375 383 2404 ut
401 2369 495 2404 soliti
510 2370 566 2413 67,
584 2369 638 2403 13.
673 2368 865 2402 continuati

205 2423 244 2452 nt
254 2416 384 2451 fuerint
392 2417 446 2460 67,
459 2416 513 2451 12.
537 2414 718 2448 intermitti
727 2413 863 2458 quando

206 2467 243 2497 et
259 2473 329 2507 qua
346 2473 389 2495 ex
406 2472 512 2495 causa
530 2459 646 2506 coepti
663 2461 719 2504 71,
739 2459 795 2493 14.

158 2508 284 2542 Sasrax
299 2507 518 2541 barbarorum
534 2506 602 2540 dux
615 2506 695 2549 212,
711 2505 764 2538 16.

160 2553 358 2597 sagittarius
381 2551 518 2596 insignis
534 2552 593 2592 48,
607 2551 641 2585 9.
700 2547 866 2593 sagittarii

207 2603 382 2643 equestres
397 2609 439 2630 ex
455 2596 608 2631 Armenia
628 2596 705 2636 118,
718 2595 772 2629 23.

161 2643 340 2677 Salaminia
353 2653 466 2688 pugna
480 2644 513 2686 9,
526 2643 560 2676 3.

161 2688 242 2721 Salii
265 2688 423 2722 Romanis
447 2698 581 2732 operam
603 2687 732 2720 navant
750 2683 783 2717 in
803 2695 863 2718 ex-

204 2733 354 2768 cidendis
377 2745 396 2767 e
417 2733 564 2768 Batavia
591 2731 720 2774 Quadis
736 2731 814 2775 131,
829 2729 861 2766 5.

535 1158 602 1191 quo
617 1146 879 1180 machinamento

626 83 809 129 INDEX
846 85 1154 132 HISTORICU
1153 86 1198 131 S.

972 192 1132 228 Romanis
1174 192 1364 238 legionibus
1401 189 1639 228 adscribamur

972 239 1050 280 133,
1067 240 1122 274 16.
1167 239 1376 274 Francorum
1463 249 1502 282 s,
1525 249 1548 272 a
1569 239 1639 273 Sa·-

971 284 1115 319 xonibus
1134 284 1277 330 primum
1300 283 1371 320 suis
1392 249 1535 326 ffibus,
1556 288 1638 328 post

969 339 993 362 a
1008 329 1137 370 Quadis
1151 342 1172 364 e
1185 330 1334 365 Batavia
1381 339 1492 373 noque
1515 330 1636 374 expel-

969 372 1084 408 luntur
1099 376 1176 419 130,
1195 376 1249 411 17.
1294 374 1340 410 δᾶ
1395 384 1531 410 omanus
1551 386 1635 409 con-

969 419 1100 464 fugiunt
1119 421 1198 461 131,
1213 420 1248 455 5.

927 463 1106 499 Saloninus
1120 465 1267 500 Gallieni
1283 464 1374 500 filius
1386 465 1549 500 Postumo
1571 475 1634 498 ne-

974 511 1099 545 candus
1116 510 1251 544 deditur
1264 511 1319 553 36,
1337 512 1390 547 10.

927 555 1083 590 Salonius
1097 555 1248 591 notarius
1262 557 1341 600 309,
1357 557 1391 591 7.

926 601 1062 635 Salvius
1083 601 1219 635 scholae
1239 601 1499 636 domesticorum
1518 609 1631 635 comes

969 647 1049 688 292,
1063 647 1117 682 22.
1163 650 1323 691 quaestor
1341 646 1421 686 293,
1439 647 1494 683 11.

924 691 1092 725 Salustius
1107 691 1235 726 Iuliano
1253 690 1390 726 Caesari
1405 701 1515 725 comes
1529 688 1630 724 datur

969 748 992 770 a
1006 737 1204 771 Constantio
1222 737 1300 781 123,
1315 737 1372 772 20.
1422 746 1444 769 a
1457 735 1631 770 Constan-

969 782 1019 816 tio
1035 782 1068 816 in
1086 782 1261 817 Orientem
1281 784 1464 816 revocatur
1479 781 1556 824 129,
1569 782 1630 816 20.

969 826 1483 908 limfiffssiffip‘ssffizff'a.
1496 825 1630 917 ¹342:

971 919 1048 960 167,
1065 920 1118 954 17.
1163 917 1335 963 imperium
1356 927 1419 950 nec
1441 917 1514 962 ipse
1536 915 1630 950 acci-

968 974 1051 1009 pere
1076 975 1140 998 nec
1162 963 1231 998 filio
1259 961 1466 997 conmittere
1487 961 1630 995 sustinet

970 1010 1046 1051 173,
1059 1010 1114 1043 11.
1158 1009 1266 1055 praef.
1282 1020 1335 1054 pr.
1356 1007 1457 1042 etiam
1474 1007 1537 1040 sub
1554 1006 1628 1040 Va-

967 1053 1149 1088 lentiniano
1170 1054 1246 1096 174,
1266 1054 1301 1090 9.
1346 1052 1544 1096 magistratu
1561 1052 1627 1086 ab·-

967 1099 1099 1133 dicatur
1127 1099 1204 1143 175,
1229 1099 1284 1136 17.
1339 1097 1486 1132 Salustio
1506 1107 1629 1131 mun-

967 1145 1045 1178 dum
1064 1146 1171 1191 praef.
1188 1155 1240 1190 pr.
1261 1144 1305 1179 ob
1323 1146 1531 1178 senectutem
1547 1153 1628 1178 suo-

968 1201 1080 1224 cessor
1096 1191 1197 1224 datur
1217 1189 1293 1232 185,
1313 1190 1346 1225 2.
1610 1210 1616 1218 ·

922 1234 1097 1270 Samosata
1116 1235 1160 1270 ad
1178 1235 1234 1269 Eu
1259 1236 1387 1270 hratem
1407 1233 1474 1269 sita
1496 1231 1575 1275 141,
1590 1231 1627 1269 9.

921 1282 1143 1315 Samothrace
1156 1280 1230 1314 insu
1242 1291 1263 1314 a
1279 1281 1336 1323 99,
1356 1281 1391 1316 3.

919 1326 1089 1370 sanguinis
1110 1326 1286 1371 eruptione
1302 1324 1479 1360 immodica
1494 1321 1627 1358 exstin-

965 1379 1040 1404 ctus
1059 1373 1136 1413 191,
1151 1373 1211 1406 21.

918 1415 965 1449 Sa
991 1427 1030 1449 or
1057 1414 1256 1450 Artaxerxis
1279 1425 1477 1458 successor,
1498 1412 1625 1448 bellum

996 1461 1122 1495 omanis
1137 1463 1252 1495 movet
1265 1461 1322 1501 21,
1334 1460 1369 1494 2.
1405 1458 1624 1498 Valerianum

964 1505 1184 1540 circumvenit
1206 1505 1263 1544 34,
1286 1506 1344 1540 23.
1400 1503 1536 1539 Nisibin
1564 1513 1625 1536 ca·-

963 1552 1015 1597 pit
1029 1553 1085 1595 37,
1100 1552 1135 1586 2.
1190 1560 1263 1585 cum
1278 1549 1395 1584 Persis
1410 1550 1480 1583 suis
1495 1549 1625 1583 Roma-‚-

962 1608 1024 1631 nos
1040 1597 1125 1630 fines
1139 1595 1321 1642 populatur
1341 1594 1419 1637 134,
1432 1596 1467 1630 3.

917 1642 1082 1677 Saraceni
1117 1642 1297 1676 Persarum
1329 1639 1493 1675 adversus
1521 1639 1622 1674 Rom.

963 1688 1043 1722 socii
1065 1688 1142 1732 162,
1162 1686 1218 1722 14.

917 1733 1120 1812 Salracenica
1142 1732 1236 1767 natio
1261 1730 1406 1776 scythis
1426 1729 1532 1766 multo
1547 1727 1622 1774 agi-

974 1778 1027 1812 ior
1047 1779 1122 1820 197,
1142 1779 1197 1814 18.

915 1823 1045 1857 Sardes
1059 1823 1189 1867 Lydiae
1202 1820 1396 1868 metropolis
1411 1821 1491 1864 270,
1509 1820 1545 1857 3.

916 1869 1117 1914 Sarpedonii
1131 1867 1294 1913 Apollinis
1308 1867 1476 1901 oraculum
1492 1865 1550 1907 50,
1563 1864 1620 1900 15.

915 1914 1021 1949 Sarus
1034 1915 1129 1948 barb.
1149 1925 1223 1959 cop.
1237 1913 1307 1947 dux
1317 1914 1397 1955 289,
1406 1914 1443 1948 7.
1485 1910 1521 1945 in
1535 1910 1618 1944 ste-

958 1960 1099 1994 lichonis
1124 1958 1304 1993 tentorium
1330 1956 1430 1992 irruit
1458 1955 1538 1998 294,
1558 1955 1618 1990 22.

957 2005 1114 2039 Alai-inho
1141 2010 1176 2038 et
1195 2003 1318 2038 ceteris
1338 2002 1489 2037 hostibus
1504 1999 1618 2044 repri-

956 2050 1083 2084 mendis
1100 2049 1242 2083 idoneus
1258 2049 1337 2091 298,
1350 2049 1409 2083 21.
1452 2045 1615 2080 adversus

955 2094 1208 2130 Constantinum
1237 2098 1417 2138 tyrannum
1449 2090 1616 2125 emittitur

954 2152 1028 2175 cum
1050 2139 1155 2186 copiis
1170 2140 1248 2181 318,
1268 2139 1325 2172 22.
1370 2147 1446 2171 cum
1462 2133 1616 2170 Honorio

953 2197 993 2220 se
1029 2186 1190 2221 adversus
1223 2183 1416 2219 Alarichum
1441 2179 1617 2226 coniungit

909 2233 1066 2322 satraghe
1085 2275 1120 2310 in
1140 2274 1267 2321 proelio
1286 2272 1376 2308 caesi
1394 2273 1470 2314 163,
1492 2271 1547 2306 11.

910 2321 1084 2356 Saturnini
1101 2321 1213 2356 Mauri
1228 2318 1368 2354 rebellio
1382 2318 1440 2361 57,
1454 2320 1489 2352 4.

910 2368 1111 2402 Saturninus
1127 2366 1229 2400 iudex
1243 2363 1322 2407 257,
1345 2365 1400 2399 17.

909 2413 1109 2448 Saturninus
1128 2409 1311 2445 consularis
1326 2410 1405 2449 271,
1423 2409 1456 2445 1.

909 2459 992 2492 Saul
1009 2458 1227 2492 barbarorum
1243 2454 1336 2491 milit.
1355 2453 1424 2488 dux
1437 2451 1516 2494 242,
1534 2452 1590 2487 12.

908 2504 1131 2539 Sauromatae
1152 2501 1196 2535 ad
1222 2498 1427 2535 Maeotidem
1513 2496 1611 2532 adem

952 2548 1145 2583 habitantes
1169 2546 1380 2580 debellantur
1403 2554 1426 2578 a.
1495 2545 1610 2577 nstan-

952 2594 1023 2627 tino
1039 2594 1096 2635 85,
1109 2592 1161 2628 13.
1198 2591 1288 2625 bello
1304 2588 1395 2634 capti
1407 2599 1469 2633 per
1483 2587 1610 2622 Roma-

953 2650 1013 2672 nas
1044 2638 1199 2672 civitates
1217 2635 1461 2670 distribuuntur
1475 2633 1532 2675 86,
1550 2631 1609 2668 15.

950 2683 1139 2718 Pannonias
1153 2682 1325 2715 incursant
1342 2680 1419 2721 122,
1428 2679 1462 2715 8.
1496 2677 1607 2712 denuo

949 2728 1114 2764 rebellant
1133 2728 1212 2771 190,
1229 2727 1286 2762 20.
