1812 3016
267 92 360 139 192
621 69 624 75 ’
889 97 1084 141 ΖοεΙΜῙ

263 207 371 251 ἐννέα
387 213 540 263 μῆνας,
576 208 843 251 ἓλλειπουσιόν
858 209 999 265 ὀλίγων
1015 209 1197 267 ἡμερῶν,
1232 211 1470 269 διατρίψας,
1505 213 1560 262 εἷς
1578 213 1701 254 δωδέ-

263 295 385 319 κατον
406 279 450 319 δὲ
470 278 648 320 ἐνιαυτὸν
670 282 740 331 τῆς
761 280 968 330 βασιλείας
987 278 1211 335 προελθών.

404 346 477 390 18.
548 344 706 387 Τούτου
733 345 1038 401 τελευτήσαντος
1060 347 1241 400 ἐμπεσών
1271 350 1328 403 τῷ
1353 347 1508 404 Σιρμίῳ
1529 346 1703 400 σκηπτὸς

261 413 312 456 τὰ
335 415 521 467 βασίλεια
551 414 760 470 κατέφλεξε
786 417 850 456 καὶ
874 415 944 469 τὴν
968 413 1118 470 ἀγοράν
1126 447 1139 465 ,
1172 415 1283 464 ἔδοξέ
1302 431 1343 455 τε
1364 421 1448 465 τοῖς
1467 415 1518 456 τὰ
1537 419 1703 457 τοιαῦτα

264 483 407 538 κρίνειν
438 484 578 531 δεινοῖς
608 482 680 524 οὐκ
715 482 843 524 αἶ’σιον
870 489 954 532 τοῖς
979 489 1124 532 κοινοῖς
1145 481 1375 539 πράγμασιν
1392 481 1489 524 εἶναι
1507 482 1552 524 τὸ
1573 483 1735 538 ‘douc-5

265 553 331 592 καὶ
370 552 525 604 σεισμοὶ
565 551 608 591 δὲ
648 549 688 591 ἕν
725 567 803 593 τισι
832 551 1133 605 συνηνέχθησαν
1162 549 1309 599 τόποις.
1377 551 1539 605 ἐσείσθη
1567 551 1610 592 δὲ
1639 552 1707 592 καὶ

105 624 242 659 Valens.
267 616 409 673 Κρήτη
432 616 727 675 σφοδρότερον,
761 621 827 660 καὶ
847 617 873 673 ἡ
893 617 1200 672 ΙΙελοπόννησος
1217 618 1319 672 μετὰ
1337 622 1409 671 τῆς
1425 618 1548 672 ἄλλης
1561 617 1708 660 ίΕλλά-

111 683 143 707 ⁸⁰
165 671 231 706 375
266 689 362 737 ὄος,
402 685 501 729 ὥστε
535 688 601 727 καὶ
634 686 707 735 τὰς
734 687 886 736 πολλὰς
918 689 1154 743 διαρρυῆναι
1184 690 1263 728 τῶν
1296 684 1471 737 πόλεων,
1506 686 1608 740 πλὴν
1637 690 1709 740 τῆς

260 755 494 809 Ἀθηναίων
507 753 658 803 πόλεως
679 757 745 796 καὶ
767 759 838 809 τῆς
853 755 1043 809 Ἀττικῆς.
1110 752 1259 808 ταύτην
1286 755 1329 796 ’δὲ
1351 756 1417 795 καὶ
1436 755 1711 810 περισωθῆναί

265 839 390 880 φασιν
411 823 452 872 ἐξ
471 823 601 871 αῗτιάς
620 824 792 864 τοιᾶσδε.
860 821 1079 878 Νεστόριος
1095 822 1135 864 ἓν
1153 823 1311 871 ἐκείνοις
1326 829 1410 871 τοῖς
1423 820 1586 879 χρόνοις
1604 822 1708 878 ἶερο-
1722 831 1763 864 10

266 896 429 947 φαντεῖν
459 890 694 944 τεταγμένος
722 890 819 946 ὄναρ
853 889 1050 932 ἐθεάσατο
1079 888 1444 946 παρακελευόμενον
1466 894 1614 946 χρῆναι
1641 890 1710 931 τὸν

261 959 442 1012 Ἀχιλλέα
461 957 530 1000 τὸν
550 957 665 1013 ἥρωα
684 959 895 1014 δημοσίαις
914 962 1112 1012 τιμᾶσθαι
1131 964 1285 1011 τιμαῖς·
1313 957 1477 999 ἔσεσθαι
1495 958 1573 1014 γὰρ
1592 962 1710 1000 τοῦτο

268 1031 318 1083 τῇ
346 1025 456 1068 πόλει
488 1025 696 1081 σωτήριον.
765 1028 846 1068 ἐπεὶ
880 1027 922 1067 δὲ
952 1024 1187 1067 ἐκοινώσατο
1214 1032 1297 1075 τοῖς
1318 1027 1358 1067 ἔν
1383 1026 1481 1067 τέλει
1505 1026 1578 1080 τὴν
1600 1025 1711 1079 ὄψιν,

269 1095 307 1136 οἳ
330 1095 372 1136 δὲ
390 1098 522 1150 ληρεῖν
540 1093 661 1135 αὐτὸν
682 1091 747 1135 οἷα
771 1095 820 1147 δὴ
839 1092 1070 1150 ὑπέργηρων
1089 1092 1185 1136 ὄντα
1205 1095 1437 1147 νομίσαντες
1456 1095 1497 1135 ἔν
1519 1094 1648 1135 οὐδενὶ
1666 1093 1711 1135 τό

269 1162 393 1219 ῥηθὲν
422 1160 681 1215 ἐποιήσαντο,
709 1162 830 1211 αὐτὸς
857 1163 959 1203 καθ)
991 1161 1132 1203 ἑαυτὸν
1159 1160 1417 1217 λογισάμενος
1444 1161 1489 1203 τὸ
1517 1162 1711 1218 πρακτέον
1724 1167 1766 1203 15

270 1233 337 1272 καὶ
357 1237 447 1279 ταῖς
468 1231 686 1271 θεοειὸἕσιν
707 1231 873 1279 ἐννοίαις
893 1228 1287 1284 παιδαγωγούμενος,
1322 1228 1454 1271 εἰκόνα
1486 1234 1558 1271 τοῦ
1582 1228 1714 1285 ἥρωος

271 1300 312 1339 ἓν
335 1298 429 1354 οἴκῳ
450 1302 582 1353 μικρῷ
607 1296 905 1353 δημιουργήσας
925 1296 1100 1351 ὑπέθηκε
1122 1302 1180 1354 τῷ
1202 1299 1243 1338 ἓν
1263 1301 1490 1352 παρθενῶνι
1514 1299 1714 1353 καθιδρυ-

269 1366 376 1422 μὲνῳ
406 1369 477 1418 τῆς
500 1365 676 1418 Ἀθηνᾶς
707 1364 908 1419 ἀγάλματι
915 1397 926 1415 ,
961 1369 1085 1406 τελῶν
1110 1366 1152 1406 δὲ
1175 1369 1226 1420 τῇ
1247 1368 1334 1421 θεῷ
1354 1364 1405 1405 τὰ
1425 1363 1583 1419 συνήθη
1610 1363 1715 1406 κατὰ

270 1433 416 1475 ταύτὸν
439 1434 505 1474 καὶ
530 1437 587 1489 τῷ
608 1431 714 1488 ἥρωϊ
730 1432 780 1474 τὰ
800 1433 1024 1487 ἐγνωσμένα
1045 1432 1082 1473 οἱ
1101 1432 1203 1475 κατὰ
1222 1431 1377 1485 θεσμὸν
1398 1431 1577 1487 ἔπραττε.
1619 1430 1715 1475 τού-

270 1518 327 1557 τῳ
354 1517 395 1542 τε
425 1504 484 1557 τῷ
505 1499 639 1557 τρόπῳ
662 1504 732 1555 τῆς
752 1504 825 1542 τοῦ
841 1501 1031 1542 ἐνυπνίου.
1044 1504 1276 1553 συμβουλῆς
1298 1499 1398 1556 ἔργῳ
1421 1501 1770 1557 πληρωθει’σης,20

270 1570 549 1625 ε’πιβρίσαντος
570 1571 643 1610 τοῦ
661 1572 826 1621 σεισμοῦ
844 1566 993 1621 μόνους
1004 1568 1243 1621 Ἀθηναίους
1265 1571 1537 1623 περισωθῆναι
1554 1568 1714 1622 συνέβη,

269 1634 547 1691 μετασχούσης
583 1640 663 1678 τῶν
691 1640 765 1678 τοῦ
787 1635 920 1693 ἥρωος
943 1636 1173 1692 εὐεργεσιῶν
1197 1636 1263 1677 καὶ
1288 1633 1421 1690 πάσης
1441 1640 1512 1694 τῆς
1526 1636 1717 1690 Ἀττικῆς.

366 1789 388 1823 5
410 1785 526 1831 πέρας
547 1788 618 1822 LP.
779 1789 822 1824 17
855 1786 954 1829 οἶκος
975 1787 1103 1831 μικρὸς
1125 1790 1178 1822 est
1199 1798 1340 1832 parvum
1365 1787 1545 1832 sacellum,
1573 1787 1719 1832 οἴκημα,

365 1833 534 1876 ναΐσκος,
558 1832 742 1869 armarium.
766 1834 813 1867 H.
949 1836 993 1870 21
1018 1831 1282 1879 ἐπιβρύσαντος
1299 1833 1341 1867 L.

276 1970 311 2004 in
326 1969 463 2013 illyrico
479 1980 608 2002 menses
622 1980 740 2002 novem
750 1994 760 2012 ,
783 1969 897 2015 paucis
913 1968 1030 2003 diebus
1046 1968 1189 2014 demptis
1200 1994 1210 2011 ,
1235 1969 1454 2003 commoratus
1476 1967 1595 2002 fuisset
1607 1970 1643 2002 et
1655 1967 1720 2002 im-

276 2015 363 2060 perii
377 2015 602 2047 duodecimum
620 2025 738 2047 annum
754 2015 931 2059 attigisset.

370 2061 424 2094 18.
472 2060 525 2092 Eo
542 2060 699 2093 defuncto
717 2060 840 2093 fulmen
859 2072 878 2093 e
892 2059 984 2093 caelo
1001 2058 1112 2092 Sirmii
1128 2058 1298 2103 delapsum
1314 2058 1439 2101 regiam
1456 2068 1531 2091 cum
1546 2058 1622 2091 foro
1639 2069 1721 2091 con·-

277 2105 464 2146 cremavit,
488 2105 660 2148 visumque
685 2105 750 2138 fuit
772 2106 811 2138 iis
834 2116 971 2149 quorum
997 2105 1089 2137 acria
1111 2104 1152 2137 de
1175 2105 1274 2136 rebus
1294 2103 1480 2136 huiusmodi
1494 2102 1614 2136 iudicia
1629 2107 1720 2144 sunt,

278 2161 395 2195 parum
411 2160 609 2194 prosperum
625 2150 766 2193 publicis
782 2151 881 2183 rebus
898 2151 962 2183 hoc
978 2155 1167 2194 portentum
1190 2159 1272 2182 esse.
1320 2154 1433 2182 terrae
1457 2153 1564 2181 motus
1588 2159 1722 2192 quoque

277 2195 442 2229 nonnullis
466 2195 498 2227 in
526 2194 606 2227 locis
627 2195 838 2239 acciderunt,
863 2195 967 2228 Creta
985 2193 1214 2228 vehementius
1228 2205 1386 2227 succussa
1402 2205 1475 2226 cum
1487 2194 1720 2238 Peloponneso

277 2239 484 2284 reliquaque·
493 2239 641 2272 Graecia
654 2265 663 2278 ,
685 2240 730 2272 ita
747 2245 784 2272 ut
799 2240 921 2285 oppida
937 2240 1109 2283 complura
1123 2238 1365 2272 collaberentur
1375 2266 1385 2282 ,
1416 2239 1566 2282 exceptis
1582 2238 1721 2271 Athenis

277 2290 314 2319 et
339 2285 452 2318 Attica
474 2284 629 2327 regione,
651 2295 749 2328 quam
775 2297 818 2318 ex
844 2285 1026 2319 huiusmodi
1051 2295 1151 2318 causa
1167 2290 1396 2317 conservatam
1411 2284 1600 2328 perhibent.
1647 2283 1722 2316 Ne-

278 2331 403 2365 storius
417 2330 452 2363 id
467 2329 627 2374 temporis
643 2340 810 2362 sacrorum
828 2331 966 2364 antistes
982 2329 1180 2363 constitutus
1202 2329 1360 2362 somnium
1381 2329 1482 2370 vidit,
1505 2328 1595 2374 quod
1610 2327 1722 2373 publi·-

277 2377 326 2410 cis
354 2375 534 2409 honoribus
561 2374 720 2407 Achillem
736 2375 838 2408 heroa
852 2375 983 2408 iuberet
997 2375 1108 2408 affici:
1132 2375 1196 2407 hoc
1211 2374 1294 2407 enim
1310 2374 1386 2407 urbi
1401 2374 1550 2407 salutare
1562 2374 1720 2406 futurum.

278 2433 352 2455 cum
382 2425 492 2454 autem
514 2419 619 2453 visum
643 2419 707 2452 boc
724 2431 795 2452 cum
812 2420 1060 2463 magistratibus
1076 2419 1365 2457 communicasset,
1389 2422 1491 2462 atque
1504 2418 1551 2451 illi
1566 2417 1631 2451 rati
1646 2429 1722 2451 eum

278 2467 442 2507 delirare,
466 2465 521 2509 qui
538 2465 601 2498 iam
617 2476 719 2498 senex
735 2464 929 2509 decrepitus
945 2470 1050 2505 esset,
1073 2465 1161 2497 nihili
1178 2464 1267 2507 quod
1284 2464 1408 2496 dictum
1422 2465 1535 2496 fuerat
1549 2463 1724 2503 fecissent,

275 2512 349 2556 ipse
373 2522 485 2545 secum
508 2509 724 2543 ratiocinatus
751 2510 829 2553 quid
857 2510 1020 2552 agendum
1036 2515 1145 2549 esset,
1168 2509 1352 2552 divinisque
1368 2507 1624 2551 cogitationibus
1639 2507 1722 2540 edo-

278 2564 370 2596 ctus,
396 2555 570 2600 imaginem
600 2555 711 2589 herois
741 2555 863 2597 exigua
892 2556 999 2587 forma
1027 2554 1224 2587 fabricatam
1254 2555 1316 2587 sub
1339 2554 1511 2586 Minervae
1536 2552 1724 2594 simulacro,

279 2602 370 2647 quod
388 2601 427 2634 vin
452 2601 603 2643 virgineo
628 2599 778 2633 conclavi
795 2600 991 2632 collocatum
1008 2605 1077 2639 est,
1099 2599 1222 2643 posuit.
1269 2598 1401 2642 quoties
1418 2604 1527 2630 autem
1543 2602 1725 2642 perageret

279 2652 442 2680 consueta
457 2646 532 2679 huic
549 2646 632 2679 deae
647 2655 756 2687 sacra,
776 2644 903 2689 pariter
916 2650 951 2677 et
964 2644 1021 2677 illa
1036 2655 1121 2687 quae
1135 2644 1239 2676 sciret
1253 2642 1347 2676 heroi
1361 2642 1471 2675 debita
1488 2642 1552 2675 rite
1564 2642 1723 2675 faciebat.

281 2697 384 2736 atque
406 2692 471 2724 hoc
493 2691 590 2724 modo
615 2702 690 2724 cum
709 2690 783 2735 ipsa
806 2701 843 2723 re
860 2689 980 2722 'somnii
997 2688 1134 2722 consilio
1150 2688 1357 2721 satisfactum
1373 2691 1480 2728 esset,
1503 2691 1617 2720 terrae
1631 2691 1726 2720 motu

282 2737 408 2782 passim
434 2742 588 2781 grassata
612 2736 700 2771 solos
724 2734 941 2771 Athenienses
965 2733 1074 2768 salvos
1100 2733 1244 2767 evadere
1265 2731 1425 2777 contigit,
1447 2731 1539 2767 hisce
1554 2730 1725 2766 beneficiis
