1812 3016
390 115 833 161 COMMENTARIUS
868 113 1174 158 HISTORICU
1175 115 1219 157 S.
1436 110 1532 159 403

202 241 245 279 p.
265 223 347 269 248
370 238 411 264 v.
442 228 484 268 2.
541 238 672 264 comes
701 225 894 274 Orientis,
940 225 1003 262 cui
1026 222 1260 262 Antiochiae
1292 221 1407 262 sedes
1438 228 1535 270 erat,

91 282 321 338 quindecim
342 288 522 333 praeerat
539 283 772 333 provinciis,
814 280 1082 319 consularibus
1108 281 1303 332 quinque,
1342 279 1537 316 Palaesti-

90 352 193 389 nas,
219 337 481 385 Phoeniciae,
509 338 670 390 Syriae,
699 338 883 385 Ciliciae,
909 338 1061 388 Cypro3
1099 335 1398 388 praesidialibus
1435 341 1534 383 octo,

90 396 340 434 Palaestinae
367 395 548 442 salutari,
586 394 833 431 Palaestinae
865 392 1081 440 secundae,
1120 390 1358 429 Phoeniciae
1381 391 1537 438 Libani,

92 449 368 503 nuptu-utensi,
397 449 535 500 Syriae
553 450 726 496 salutari,
757 447 995 496 Osrhoenae,
1026 449 1348 499 Mesopotamiae,
1378 447 1539 485 Ciliciae

93 505 311 554 secundae.)
341 504 492 543 duabus
502 505 899 556 ¹perfectissimorum,
927 504 1094 541 Arabiae
1117 511 1155 541 et
1173 504 1358 542 Isauriae.
1416 504 1540 554 perti-

92 563 213 601 nebat
233 561 285 606 ad
304 574 396 600 eum
413 563 583 612 cognitio
600 562 910 612 appellationum
930 573 982 597 ex
1001 558 1063 598 his
1080 561 1312 611 provinciis,
1353 560 1540 596 correctio

94 625 303 665 notorum,
332 624 372 655 et
389 629 480 654 cura
500 618 637 655 classis
658 618 862 655 Seleuciae
886 617 1026 654 dictae.
1082 617 1203 653 Notit.
1226 618 1328 667 Imp.
1350 616 1393 652 in
1413 613 1540 653 Thes.

95 675 236 713 Graev.
255 681 286 712 t.
305 675 332 715 7
350 687 391 726 p.
410 674 532 715 1618.

206 728 261 768 ib.
282 742 323 767 v.
345 732 386 770 3.
444 727 494 766 de
514 730 651 766 comite
674 727 847 766 Orientis
863 741 903 765 v.
920 727 985 765 vel
1005 725 1184 765 Gothofr.
1206 727 1327 764 Notit.
1347 726 1540 777 Dignitat-

95 799 132 825 c.
145 783 227 825 Th.
244 799 286 838 p.
307 787 362 827 28
380 798 441 838 sq.
498 786 559 822 II.

206 840 262 879 ib.
282 854 323 879 v.
343 842 409 881 17.
430 859 432 861 ·
464 839 546 878 vid.
566 839 616 877 de
632 838 847 890 plumbatis
872 837 997 874 multa
1026 835 1132 888 apud
1156 835 1319 875 Godosr.
1338 837 1388 876 ad
1408 839 1470 875 tit.
1491 836 1542 875 de

97 896 230 936 decur-
256 904 296 936 et
322 897 503 948 inprimis
527 898 568 933 in
591 897 744 933 Comm.
768 893 820 931 ad
846 894 874 930 l.
897 896 922 934 2
944 891 994 930 de
1019 893 1328 944 quaestionibus.
1385 894 1541 932 Ernesti

98 953 149 992 de
162 966 237 992 usu
256 954 419 1004 glossar.
441 959 499 990 est
519 951 614 990 diss.
633 951 682 988 de
700 950 928 1002 plumbatis.
963 950 1107 986 Ritter.

209 1023 250 1061 p.
269 1009 351 1050 249
366 1021 407 1046 v-
427 1009 494 1049 10.
523 1006 748 1045 Eudoxiam
764 1005 977 1052 Baudonis,
1007 1005 1146 1042 Franci
1166 1017 1322 1055 genere,
1353 1005 1425 1042 sub
1440 1005 1543 1042 Gra-

98 1066 206 1104 tiano
228 1064 339 1102 ducis
358 1065 517 1116 inclyti,
554 1064 676 1100 filiam
698 1061 1001 1115 (Philostorgius
1024 1062 1076 1103 12
1105 1060 1174 1113 8),
1213 1073 1333 1112 quam
1354 1062 1421 1098 alii
1442 1062 1544 1098 Gra-

99 1122 197 1160 tiani
223 1121 347 1159 tiliam
373 1120 541 1168 faciunt,
581 1126 625 1156 ut
653 1116 895 1169 Nicephorus
923 1124 1099 1155 testatur.
1156 1118 1349 1155 Baronius
1380 1130 1417 1154 a.
1447 1116 1543 1164 395,

100 1189 271 1230 eumque
294 1177 418 1215 secuti
435 1177 504 1215 alii
517 1205 527 1223 ,
569 1177 743 1213 Promoti
763 1180 923 1225 neptem
943 1172 1144 1210 credidere
1167 1184 1219 1209 ex
1239 1173 1390 1210 Zosimi
1413 1172 1544 1210 verbis

99 1234 205 1272 male
224 1233 447 1271 intellectis.
503 1232 685 1270 Zosimus
711 1233 817 1268 enim
842 1242 922 1267 non
950 1231 1004 1266 ait
1029 1242 1117 1267 eam
1146 1230 1263 1266 unius
1289 1242 1342 1266 ex
1368 1229 1544 1266 Promoti

98 1289 192 1328 filiis
209 1289 333 1326 filiam
350 1289 494 1336 fuisse,
532 1300 671 1324 verum
694 1287 889 1337 virginem
912 1284 1019 1336 apud
1038 1297 1163 1322 unum
1186 1297 1239 1322 ex
1258 1284 1348 1323 filiis
1365 1285 1544 1322 Promoti

99 1344 318 1384 educatam.
375 1344 461 1382 Iac.
493 1343 708 1394 Godofied.

199 1414 251 1453 qp.
270 1401 352 1442 249
370 1413 408 1437 v-
431 1401 497 1441 17.
553 1398 635 1436 vid.
654 1395 893 1436 Claudianus
913 1395 962 1433 de
979 1397 1135 1446 Nuptiis
1152 1395 1318 1433 Houor-ii
1337 1402 1376 1433 et
1395 1394 1545 1432 Mariae

98 1470 140 1497 r.
158 1456 214 1500 24
230 1456 288 1494 ibi
305 1453 441 1493 Barth.

209 1525 252 1565 p.
270 1511 353 1553 250
374 1524 414 1548 v.
437 1513 502 1552 12.
559 1509 609 1547 ef.
630 1522 718 1560 sup.
737 1509 765 1548 4
792 1508 861 1550 57.

211 1567 267 1606 ib.
289 1581 328 1605 v.
344 1569 413 1608 22.
470 1566 523 1603 cf.
541 1579 574 1602 c.
596 1565 664 1606 34.
721 1563 961 1602 Claudianus
978 1564 1020 1601 in
1037 1562 1178 1600 Rufino
1199 1564 1225 1602 2
1254 1563 1306 1602 4:

265 1625 425 1673 iamque
442 1623 539 1665 mis,
572 1621 756 1665 Stilicho,
785 1621 973 1656 Romana
986 1620 1166 1669 potentia
1185 1620 1292 1654 curis

268 1685 305 1715 et
319 1692 451 1716 rerum
469 1678 698 1715 comminus
718 1689 819 1726 apes.-
829 1690 846 1723 ;
887 1674 962 1711 tihi
977 1675 1319 1724 creditasratrum

267 1742 437 1786 ucraque
452 1734 638 1770 maiestas
653 1734 912 1783 geminaeque
932 1731 1119 1767 exercitus
1138 1729 1270 1766 aulae.

102 1793 157 1830 cf.
171 1788 281 1828 idem
295 1792 340 1828 in
357 1794 383 1830 ὃ
403 1802 510 1828 cons.
524 1790 672 1825 Honor.
694 1789 787 1830 152.

213 1859 255 1898 p.
272 1846 353 1887 251
374 1859 415 1883 v.
432 1848 473 1886 2.
529 1843 610 1880 vid.
639 1842 705 1880 hic
729 1844 950 1880 Comment.
980 1839 1033 1878 ad
1060 1841 1089 1877 l.
1118 1842 1143 1880 3
1175 1837 1228 1876 ad
1249 1840 1331 1890 leg.
1356 1839 1473 1877 Com.
1494 1836 1545 1877 dc

104 1904 219 1942 sicar.
236 1916 279 1940 n.
296 1902 350 1942 10
377 1900 479 1939 adde
499 1898 783 1951 Symmachum
809 1911 872 1949 ep.
895 1899 935 1938 6.
959 1895 1023 1937 14.
1081 1896 1225 1933 Rtuer.

214 1957 271 1995 ib.
293 1970 334 1995 v.
352 1959 394 1999 8.
450 1955 531 1994 vid.
548 1957 782 1993 Ammianus
799 1957 853 1995 27
881 1956 908 1994 9
935 1953 991 1989 ibi
1007 1953 1201 1990 Valesius.

215 2013 270 2051 ib.
294 2027 334 2050 v.
353 2015 421 2054 22.
479 2013 629 2050 Zosimi
646 2024 760 2048 mens
782 2023 829 2047 ea
848 2022 933 2047 esse
948 2007 1126 2055 videtur,
1150 2004 1383 2044 Alarichum
1396 2006 1546 2043 Roma-

103 2072 168 2108 nis
196 2082 356 2121 gravem
382 2069 505 2106 fuisse
534 2069 766 2118 priusquam
795 2078 818 2102 a
837 2064 978 2102 Rufino
1007 2065 1217 2114 instigatus
1245 2061 1298 2100 ad
1324 2074 1387 2100 res
1421 2073 1545 2099 novas

104 2124 322 2164 movendas
349 2132 465 2163 esset.
520 2122 734 2161 Thraciam
766 2122 814 2158 ab
844 2133 890 2159 eo
914 2121 1037 2158 fuisse
1064 2125 1257 2157 vastatam
1286 2125 1324 2156 et
1352 2117 1547 2167 direptam

107 2184 228 2220 etiam
237 2180 477 2219 Claudianus
495 2179 629 2217 scribit
641 2179 710 2229 (cf.
722 2179 869 2215 Zosim.
886 2190 928 2228 p.
943 2176 1027 2217 252
1054 2176 1115 2227 2).
1158 2174 1267 2227 quod
1278 2186 1371 2211 vero
1381 2172 1546 2209 Rufinus

108 2251 132 2275 a
150 2236 380 2284 Claudiano,
409 2238 628 2274 Sozomeno
647 2235 691 2286 (8
724 2234 767 2284 1)
788 2241 826 2270 et
844 2233 1003 2270 Socrate
1021 2232 1065 2283 (6
1099 2230 1141 2282 1)
1163 2231 1331 2276 Hunnis,
1350 2235 1395 2265 ut
1406 2229 1547 2265 Orien·-

107 2300 191 2331 tem
213 2293 501 2330 incursionibus
527 2298 735 2337 vexarent,
779 2296 913 2326 auctor
938 2289 1136 2325 exstitisse
1165 2286 1325 2333 dicitur,
1355 2283 1397 2320 id
1413 2284 1545 2320 forsan

107 2350 240 2386 minus
248 2348 379 2385 Rufini
399 2349 513 2399 culpa
532 2360 650 2399 quam
665 2344 946 2383 consuetudine
960 2343 1102 2381 horum
1118 2343 1372 2380 barbarorum
1385 2340 1546 2385 factum,

108 2405 152 2442 in
175 2405 394 2456 provincias
426 2406 624 2442 Romanas
651 2416 737 2440 sese
765 2399 1066 2439 effundentium.
1123 2399 1173 2437 cf.
1200 2398 1434 2436 Tillemont.
1463 2400 1494 2431 t.
1519 2392 1547 2434 5

106 2474 135 2512 P
220 2528 262 2566 p.
291 2514 374 2556 252
401 2524 440 2550 v.
468 2512 509 2554 4.
565 2512 643 2551 hoc
669 2513 755 2550 loco
785 2518 925 2564 poetae
951 2509 1050 2548 adeo
1081 2507 1287 2559 diligentia
1317 2504 1547 2543 historicum

111 2577 291 2622 superat,
331 2577 370 2607 et
385 2569 536 2607 Zosimi
553 2570 723 2607 narratio
744 2581 797 2610 ex
816 2567 1032 2606 Claudiano
1051 2562 1272 2616 supplenda
1296 2557 1548 2611 corrigenda-

112 2639 189 2678 que
217 2633 289 2664 est.
327 2646 381 2654 —-
424 2624 610 2663 adversus
636 2622 809 2671 Gothos,
845 2623 998 2670 Rufini,
1031 2628 1077 2658 ut
1098 2618 1347 2664 credebatur,
1384 2616 1549 2653 incitata

111 2683 303 2719 Moesiam
321 2694 367 2718 ac
380 2680 596 2718 Thraciam
614 2681 845 2718 infestantes
856 2709 867 2727 ,
908 2692 999 2716 cum
1016 2674 1182 2715 Stilicho
1202 2686 1292 2711 cum
1310 2673 1433 2723 copiis
1453 2682 1550 2722 pro-

112 2738 238 2775 fectus
266 2739 308 2774 in
330 2738 570 2774 Dalmatiam
585 2739 779 2783 venisset,
819 2736 868 2772 ab
888 2732 1056 2772 Arcadio
1078 2733 1210 2768 iussus
1237 2735 1295 2766 est
1320 2740 1400 2766 non
1427 2724 1562 2766 modo.
