1812 3016
273 62 370 109 396
807 63 1168 110 REITEMEIERI

269 170 496 211 Theodosio
525 172 586 211 ius
616 173 726 225 regni
753 174 900 213 factum
934 174 1155 224 crederent,
1197 176 1259 214 cui
1286 177 1344 214 rei
1366 177 1575 228 imperator
1603 178 1701 229 ipse,

269 229 487 279 imaginum
517 228 666 268 honore
697 231 773 268 sibi
801 232 1022 269 Maximum
1051 231 1276 285 aequando,
1305 234 1476 271 multum
1507 233 1702 272 adiecerat

269 283 377 322 fidei.

376 363 418 401 p.
438 353 518 393 218
537 365 575 389 v.
594 355 633 394 2.
689 353 718 389 l.
736 354 761 393 9
783 366 817 390 c.
839 352 920 391 Th.
939 352 988 391 de
1007 355 1168 406 paganis
1187 352 1285 391 haec
1303 354 1525 393 illustrabit.
1553 355 1697 393 Ritter.

266 404 317 444 de
336 406 509 458 Cynegio
529 406 609 445 vicl.
630 410 863 459 Prosopogr.
884 423 917 447 c.
936 409 1018 448 Th.

377 473 431 510 ih.
454 487 492 511 v.
512 474 551 515 5.
607 474 690 512 vid.
717 476 869 513 Comm.
894 477 923 514 1.
949 490 1017 514 un.
1047 475 1096 514 de
1123 475 1187 514 his
1214 476 1282 528 qui
1311 474 1362 513 ad
1390 482 1535 514 statuas
1562 477 1701 514 confu-

264 530 391 582 giunt.
449 530 591 568 Ritcer.

376 594 429 633 ib.
455 609 494 633 v.
520 596 583 637 14.
641 597 870 635 observante
897 596 1188 648 Lindenbrogio
1219 596 1270 634 ad
1296 598 1551 635 Amunianum
1567 600 1621 638 27
1650 600 1699 639 11

264 650 469 701 Prothingi
498 651 603 702 apud
632 654 730 691 alios
758 653 921 690 audiunt
942 653 1172 704 Gruthingi‚
1202 652 1456 703 Greuthingi‚
1486 651 1700 701 Gothunni,

267 708 486 754 Gautunlli,
516 709 711 759 Trutungi
723 738 733 756 ‚
763 708 966 759 Vithungi.
1021 711 1063 745 in
1083 716 1191 746 tanta
1209 711 1419 760 scripturae
1436 707 1552 746 huius
1570 710 1701 745 nomi-

266 765 329 800 nis
357 762 579 800 diversitate
608 766 642 801 si
668 766 756 815 quis
780 773 846 802 aut
870 765 1123 818 Προθίγγους
1143 767 1332 813 retinere,
1362 771 1450 812 aut,
1478 771 1522 801 ut
1542 763 1592 801 ad
1612 765 1702 801 vul—

267 831 359 870 gare
380 832 524 855 nomen
544 822 671 869 magis
692 822 839 857 Zosimi
860 823 1048 871 scriptura
1067 828 1364 871 attemperetur,
1395 833 1485 857 cum
1507 820 1701 857 Salmasio

268 873 349 924 (ad
367 875 523 924 Vopisci
542 877 713 928 Probum
733 889 767 912 c.
794 875 868 927 18)
902 877 1147 928 Γροθίγγους
1176 876 1384 913 emendare
1406 877 1539 923 malit,
1568 877 1701 912 neuti-

267 942 388 980 quam
414 931 517 966 male
545 938 658 980 agere
675 929 854 968 'videtum
912 933 984 969 etsi
1014 934 1119 968 enim
1147 931 1240 980 hoc,
1271 931 1377 984 quod
1404 933 1584 969 Zosimus
1613 943 1702 968 eam

267 992 427 1037 gentem
447 999 530 1023 esse
551 989 605 1023 ait
625 994 739 1023 antea
761 988 877 1038 plane
898 989 1160 1038 incognitam,
1189 989 1231 1024 in
1254 986 1512 1037 Groffiingos,
1542 993 1700 1037 gentem

267 1041 385 1091 longe
408 1049 497 1078 aute
526 1049 682 1090 notam,
712 1056 791 1080 non
816 1043 1002 1094 quadrat,
1031 1046 1174 1093 poterit
1202 1051 1334 1080 tamen
1364 1045 1503 1080 erroris
1522 1043 1619 1079 ratio
1637 1042 1701 1078 fa·-

269 1097 344 1133 cile
374 1096 574 1135 declarari.
630 1101 741 1135 initio
764 1101 869 1135 enim
889 1101 1026 1150 capitis
1047 1099 1097 1139 35
1112 1128 1122 1147 ‚
1155 1100 1223 1136 ubi
1243 1101 1390 1149 gentis,
1421 1100 1530 1135 cuius
1555 1110 1700 1134 nomen

268 1165 348 1189 non
368 1152 517 1190 editum
536 1161 605 1202 est,
634 1156 802 1192 incursio
822 1157 863 1191 in
878 1156 974 1192 fines
994 1157 1190 1192 Romanos
1209 1155 1312 1192 facta
1329 1160 1578 1201 memoratur,
1606 1154 1700 1189 bar-

265 1208 352 1245 bari
381 1221 468 1246 eam
497 1210 636 1247 fecisse
659 1209 840 1247 dicuntur
862 1224 941 1247 non
963 1209 1081 1247 modo
1102 1212 1170 1261 qui
1190 1213 1279 1248 Istri
1300 1211 1453 1247 accolae
1470 1215 1599 1256 erant,
1629 1207 1700 1245 sed

265 1265 334 1300 alii
363 1277 541 1316 quoque,
572 1279 738 1317 quorum
764 1265 877 1303 sedes
901 1267 1140 1316 longinquae
1169 1273 1277 1303 erant
1301 1273 1339 1302 et
1363 1267 1533 1316 ignotae.
1591 1277 1700 1300 com-

265 1321 502 1356 mixtionem
522 1334 610 1357 eam
628 1322 879 1358 barbarorum
899 1328 936 1358 et
955 1324 1200 1371 cognitorum
1220 1328 1258 1358 et
1277 1322 1528 1358 obscurorum
1542 1321 1699 1356 Zosimo

266 1376 388 1411 fuisse
414 1375 544 1412 fraudi
571 1379 834 1427 suspicamur,
862 1384 906 1413 ut
927 1376 1253 1426 Grothingorum‚
1284 1378 1410 1426 gentis
1429 1375 1616 1412 Gothicae
1635 1388 1700 1411 sa-

266 1431 316 1467 tis
346 1437 483 1478 notae,
512 1445 656 1468 nomen
688 1432 860 1469 barbaris
888 1431 1067 1469 nondum
1094 1431 1236 1469 auditis
1265 1438 1303 1468 et
1331 1432 1563 1468 incursionis
1585 1431 1699 1467 sociis

265 1486 505 1523 attribueret.
545 1488 601 1524 R.
676 1488 930 1539 Προθίγγους
955 1487 1238 1538 expungendus
1272 1494 1310 1524 et
1340 1483 1589 1538 Γροθὸγγους
1617 1498 1701 1523 esse

265 1541 512 1591 refingendos
541 1542 710 1579 dubitari
732 1545 883 1594 nequit.
941 1550 1031 1580 sunt
1065 1543 1319 1594 Greuthingi,
1348 1544 1416 1594 qui
1440 1555 1492 1579 ex
1514 1543 1700 1591 Ostrogo-

261 1596 341 1636 this
367 1598 491 1636 fuere.
549 1598 655 1649 quod
679 1599 861 1636 omnibus
881 1599 935 1635 cis
953 1601 1097 1636 Istrum
1116 1597 1380 1636 habitantibus
1405 1598 1601 1644 barbaris,
1631 1597 1699 1647 qui
1728 1638 1738 1646 ι

263 1659 303 1688 et
326 1654 403 1703 ipsi
431 1651 550 1690 Gothi
579 1661 709 1701 erant,
739 1667 883 1691 nomen
912 1654 1036 1690 antea‘
1053 1654 1275 1692 inauditum
1293 1654 1414 1691 fuisse
1437 1652 1598 1699 dicitur,
1627 1665 1698 1702 pro

262 1707 407 1744 horum
425 1716 646 1759 temporum
665 1710 772 1746 fama
790 1709 937 1747 dictum
954 1709 1121 1747 videtur.
1164 1723 1257 1747 sane
1276 1711 1310 1747 si
1328 1699 1560 1758 Greuthingi
1575 1706 1699 1744 iidem

264 1771 355 1800 sunt
377 1767 444 1815 qui
467 1764 654 1816 Iuthungi
675 1764 875 1803 Gothunni
893 1772 930 1802 et
946 1766 1080 1802 multis
1100 1767 1186 1803 aliis
1205 1765 1331 1803 modis
1351 1765 1586 1812 scribuntur,
1618 1765 1700 1800 iam

265 1819 422 1856 Claudii
448 1823 485 1858 II
517 1822 578 1858 illi
615 1828 654 1859 et
682 1834 783 1859 mox
810 1822 1012 1860 Aureliani
1040 1821 1280 1872 temporibus
1305 1823 1348 1858 iu
1372 1817 1551 1858 notitiam
1576 1832 1699 1857 vene-

263 1882 365 1912 rant.
422 1877 483 1913 H.

375 1965 415 2002 p.
441 1955 520 1992 219
550 1966 588 1990 v.
615 1956 683 1995 22.
739 1966 789 1990 ne
816 1955 934 1992 nimis
961 1955 1124 1992 obscura
1148 1954 1203 1994 ,sit
1228 1954 1399 1990 narratio
1429 1950 1552 1990 cladis
1579 1949 1698 1988 huius

266 2006 519 2058 Greuthingis
545 2010 586 2044 in
618 2011 715 2045 Istro
745 2010 899 2057 illatae,
928 2010 1171 2048 monendum
1202 2015 1260 2046 est
1289 2009 1453 2045 navibus
1484 2006 1700 2045 secundum

265 2063 359 2100 litus
391 2065 491 2100 iuter
510 2077 551 2100 se
571 2065 761 2113 colligatis
774 2094 783 2112 ‚
814 2067 958 2115 triplici
977 2079 1112 2103 earum
1131 2064 1266 2102 ordine
1282 2064 1406 2111 facto,
1435 2063 1698 2100 interclusisse

264 2119 493 2156 Promotum
504 2121 737 2156 traiicientes
751 2121 934 2158 barbaros
947 2122 994 2157 ab
1006 2123 1130 2158 litoris
1142 2119 1263 2156 aditu.
1291 2119 1342 2156 ad
1354 2118 1513 2156 eosdem
1524 2123 1699 2168 spectant

263 2187 303 2224 p-
323 2176 403 2215 220
435 2177 484 2214 16
504 2172 551 2213 va*
573 2175 628 2221 εἰς
650 2178 773 2226 μῆκος
790 2177 1012 2228 συνηγμένα
1031 2181 1168 2217 πλοῖαε
1192 2188 1282 2212 nam
1305 2177 1359 2212 ita
1379 2173 1592 2225 legendum
1613 2186 1698 2210 esse

262 2243 335 2280 pro
354 2228 490 2280 putido
509 2229 713 2281 συγμένοις
729 2232 853 2268 nolim
877 2232 1066 2269 dubitare.
1125 2230 1409 2268 observandum
1427 2243 1539 2281 porro
1557 2233 1639 2276 τοῖς
1655 2225 1699 2267 δὲ

262 2288 416 2331 λοιποῖς
436 2281 622 2324 ἀπαντῶν
641 2299 724 2322 esse
744 2300 813 2336 pro
838 2285 911 2326 σύν
932 2292 1014 2334 τοῖς
1035 2291 1069 2327 λ.
1092 2301 1182 2324 cum
1203 2287 1288 2323 alia
1302 2293 1420 2335 parce
1441 2286 1605 2322 navium
1631 2296 1698 2320 oc-

263 2341 389 2376 currit
411 2339 601 2378 hostibus.
659 2343 714 2378 sic
744 2349 782 2378 et
806 2355 902 2379 mox
929 2347 1014 2390 ταῖς
1041 2357 1081 2382 τε
1106 2342 1223 2382 ναυσὶ
1255 2339 1439 2394 μεγάλαις
1465 2353 1536 2391 pro
1562 2336 1638 2379 σΰν
1663 2352 1698 2378 τ.

261 2409 376 2446 porro
402 2393 496 2443 τούς
521 2400 607 2443 ταῖς
629 2395 746 2435 ναυσὶ
762 2397 1043 2449 περιπλέοντας
1062 2394 1323 2449 διαφυγόντα,
1351 2397 1430 2447 leg.
1449 2393 1699 2446 παραπλέον-

262 2466 356 2498 ταςε
381 2465 475 2488 nam
506 2459 596 2489 sunt
622 2454 823 2499 triremes,
854 2466 953 2503 quae
985 2455 1149 2503 remigio
1177 2454 1389 2490 concitatae
1415 2458 1537 2488 erant.
1595 2461 1697 2501 quae

264 2519 357 2544 vero
377 2515 604 2559 sequuntur,
639 2507 692 2544 ad
706 2509 872 2544 alterum
892 2511 980 2545 Istri
999 2510 1092 2546 litus
1110 2515 1283 2559 spectare
1304 2507 1460 2554 debent,
1488 2504 1594 2543 unde
1613 2504 1697 2541 dis-

263 2569 480 2611 cesserant,
511 2562 617 2614 quod
645 2562 776 2601 nando
797 2576 887 2600 cum
908 2565 1084 2614 petiisset
1102 2577 1214 2615 pars,
1243 2565 1392 2613 periere
1413 2557 1503 2608 τοῖς’
1515 2559 1604 2612 περὶ
1622 2556 1697 2609 τὴν

263 2613 389 2668 ἠϊόνα
410 2620 485 2659 τοῦ
509 2622 690 2670 ποταμοῦ
715 2622 856 2671 παροῖς
883 2617 1127 2669 ἐμπεσόντες.
1184 2617 1280 2671 quid
1297 2620 1339 2655 in
1356 2621 1438 2664 τῦῖς
1454 2619 1617 2662 παλτοῖς
1634 2616 1696 2651 1²¹-

264 2679 366 2722 teat,
394 2686 476 2711 non
491 2687 691 2728 assequor.
746 2675 1024 2726 exspectabam
1044 2681 1196 2725 cautes,
1225 2674 1406 2726 scopulos
1423 2678 1577 2722 acutos,
1607 2671 1696 2723 qui-
