1812 3016
237 92 334 138 230
723 143 727 148 ,
863 93 1060 138 zosnm

370 203 450 251 46.
520 203 662 262 Ταύτῃ
693 210 743 263 τῇ
767 207 907 265 πορείᾳ
930 205 1139 263 χρωμένου
1179 205 1421 259 Θεοδοσίου,
1455 204 1685 261 πυθόμενος

235 271 432 328 ΖΠάξιμος
452 271 507 323 ὥς
527 271 552 328 ἦ
583 274 914 318 Οὐαλεντινιανοῦ
932 273 1065 330 μήτηρ
1094 272 1180 327 ἅμα
1201 281 1285 324 τοῖς
1307 277 1444 317 παισὶν
1466 277 1685 329 διαβαίνειν

234 343 372 396 με’λλοι
397 341 467 383 τὸν
485 340 622 383 Ἰόνιον
651 340 821 394 κόλπον,
847 346 1172 396 ταχυναυτοῦντα
1200 346 1321 384 πλοῖα
1350 343 1585 399 συναγαγὼν
1617 345 1685 386 καὶ

229 411 510 466 Ἀνδραγαθίῳ
552 410 760 466 παραδοὺς
798 411 860 452 ε’πὶ
888 411 960 465 τὴν
985 409 1138 453 τούτων
1176 409 1330 453 ἔστελλε
1361 409 1511 467 θήραν.
1591 409 1613 453 ὅ
1643 411 1686 453 δὲ

237 476 499 534 περιπλεύσας
520 475 752 532 ἁπανταχοῦ
777 481 843 521 καὶ
862 483 933 533 τῆς
957 481 1095 535 πείρας
1116 476 1348 534 διαμαρτών
1372 478 1588 535 (ἔφθησαν
1607 478 1719 535 γὰρ5

237 547 375 588 ἐκεῖνοι
391 545 459 587 τὸν
474 544 611 587 Ἰόνιον
630 550 905 602 περαιωθῆναι
926 545 1148 603 πορθμόν),
1175 545 1343 600 δύναμιν
1367 547 1569 603 ἀρκοῦσαν
1580 563 1687 607 ,συν-

239 613 400 669 αγαγών
429 611 559 656 πάντα
587 615 781 670 περιέπλει
817 615 867 656 τὰ
902 617 1048 666 ἐκεῖσε,
1082 618 1248 671 ναυτικῇ
1271 613 1437 668 δυνάμει
1471 613 1689 657 Θεοδόσιον

241 681 420 735 οἰόμενος
448 681 732 735 ἐπιθήσεσθαι.
799 682 913 733 ὄντος
937 684 978 725 δὲ
1007 685 1047 725 ἐν
1071 681 1226 732 τούτοις
1243 683 1553 739 Ἀνδραγαθίου,
1583 684 1689 725 διελ-

240 750 330 791 θών
353 751 552 791 Παιονίαν
582 752 648 791 καὶ
678 750 751 800 τὰς
779 750 820 792 ἓν
838 758 921 801 τοῖς
943 751 1178 801 Ἀπεννίνοις
1200 749 1309 806 ὄρεσι
1333 749 1463 800 πύλας
1485 748 1507 792 ὅ
1538 747 1690 792 Θεοδό-

241 834 329 867 σιος
357 816 672 873 ἀπροσδοκήτοις
697 817 783 871 ἅμα
808 820 875 860 καὶ
904 817 1150 875 ἀφυλάκτοις
1175 825 1257 868 τοῖς
1278 818 1383 875 ἀμφὶ
1403 819 1473 860 τὸν
1493 817 1691 871 Μάξιμον
1703 825 1747 860 10

243 886 475 927 ἐπιτίθεται.
552 886 700 941 μέρους
723 886 769 927 δέ
787 903 893 936 τινος
912 891 984 928 τοῦ
1006 887 1276 942 στρατοπέδου
1299 886 1372 928 σὺν
1388 885 1566 943 ὀξυτάτῃ
1583 884 1691 942 ῥύμῃ

242 960 327 1003 τοῖς
347 957 418 1006 τῆς
444 953 657 1007 Ἀκυληίας
688 955 831 1007 τείχεσι
861 953 1155 1011 προσπεσόντος
1180 956 1246 996 καὶ
1267 954 1513 1008 βιασαμένου
1533 954 1606 1009 τὴν
1625 953 1693 995 διὰ

244 1025 324 1062 τῶν
347 1024 484 1062 πυλῶν
511 1011 666 1063 εἶ’σοδον
697 1022 947 1076 (ἀντιστῆναι
973 1023 1049 1078 γὰρ
1077 1023 1213 1072 αὐτοῖς
1235 1022 1309 1076 οὐχ
1330 1019 1411 1063 οἷοί
1426 1039 1467 1064 τε
1490 1020 1694 1077 γεγόνασιν

246 1089 284 1129 οἱ
310 1086 577 1144 φυλάττοντες
604 1088 714 1139 ὄντες
736 1090 887 1146 ὀλίγοι)
906 1090 1102 1144 ΠΙάξιμος
1119 1091 1192 1143 μὲν
1214 1091 1257 1132 ἐκ
1280 1094 1352 1132 τοῦ
1368 1091 1574 1143 βασιλείου
1593 1106 1694 1132 κατ-

245 1155 361 1211 ήγετο
393 1155 569 1212 θρόνου,
609 1157 803 1213 χρήματα
837 1159 1034 1213 διανέμειν
1067 1165 1150 1207 τοῖς
1179 1156 1251 1199 ὑπ’
1283 1158 1405 1199 αὐτὸν
1430 1155 1694 1214 στρατιώταις
1706 1161 1749 1198 15

248 1222 469 1279 ἀρξάμενος
481 1256 494 1275 ,
539 1228 766 1280 γυμνωθεὶς
806 1228 850 1268 δὲ
882 1231 955 1269 τοῦ
986 1230 1199 1281 βασιλικοῦ
1237 1224 1443 1280 σχήματος
1491 1225 1695 1282 Θεοδοσίῳ

247 1290 481 1346 προσήγετο.
549 1291 570 1333 ὃ
594 1294 637 1333 δὲ
652 1295 810 1349 βραχέα
834 1299 913 1336 τῶν
932 1294 1035 1336 κατὰ
1060 1299 1132 1348 τῆς
1154 1295 1353 1343 πολιτείας
1381 1293 1490 1350 αὐτῷ
1512 1285 1695 1347 πεπλημ-

248 1360 479 1413 μελημέι-ἰι)ν
506 1360 547 1399 ἓν
575 1360 751 1411 ὀνείδους
774 1362 884 1418 μέρει
906 1362 1121 1412 διεξελθὼν
1144 1367 1201 1418 τῷ
1228 1363 1357 1417 δημίῳ
1382 1362 1600 1417 παρέδωκε,
1623 1360 1697 1413 τὴν

249 1427 508 1483 ὀφειλομένην
536 1415 739 1470 ἓκτίσοντα
774 1431 898 1484 δίκην.
967 1431 1152 1486 Μαξίμῳ
1182 1429 1255 1482 μὲν
1278 1423 1349 1470 οὖν
1371 1433 1489 1470 τοῦτο
1511 1433 1584 1471 τοῦ
1602 1429 1695 1481 βίον

249 1496 316 1535 καὶ
340 1499 411 1548 τῆς
439 1497 672 1550 τυραννίδος
700 1497 848 1551 ἐγένετο
875 1498 1006 1548 τέλος,
1035 1496 1121 1550 ἅμα
1147 1501 1205 1553 τῷ
1225 1496 1329 1538 κατὰ
1366 1497 1754 1538 Οὗαλεντινιανοῦἳθ

248 1560 520 1618 προτερήματι
551 1567 686 1605 πᾶσαν
709 1565 807 1614 ἕξειν
830 1565 979 1607 ἀκονιτὶ
1005 1570 1084 1606 τῶν
1105 1563 1312 1617 Ῥωμαίων
1339 1564 1466 1619 ἀρχὴν
1494 1564 1699 1620 ὀνειροπο-

250 1627 438 1682 λήσαντι·
474 1628 596 1684 (47)
637 1631 854 1681 Θεοδόσιος
880 1634 922 1674 δὲ
945 1631 965 1674 ὃ
986 1632 1176 1685 βασιλεὺς
1201 1632 1382 1686 ἀκηκοὼς
1401 1631 1461 1674 ὅτι
1482 1634 1701 1684 διαβαίνων

249 1698 324 1747 ’τὰς
348 1697 504 1748 Ἄλπεις
532 1695 552 1739 ὃ
583 1698 780 1753 ΖΙΙάξιμος
811 1701 1013 1757 Βίκτωρω
1035 1702 1103 1742 τὸν
1131 1699 1218 1741 υἱὸν
1251 1700 1438 1742 ἀπέλιπεν
1472 1698 1618 1742 αὐτόθι
1652 1702 1702 1756 τῇ

342 1815 385 1850 15
404 1819 481 1861 post
496 1814 642 1860 θρόνου
657 1816 692 1851 in
708 1817 779 1852 LP.
796 1817 923 1863 legitur
939 1813 998 1854 οὗ.
1139 1819 1184 1854 21
1207 1817 1296 1862 τῶν]
1311 1813 1405 1862 miv?

344 1916 399 1950 46.
453 1917 542 1950 Dum
567 1918 632 1951 hoc
657 1918 872 1952 Theodosius
894 1918 960 1952 iter
980 1922 1096 1961 tenet,
1125 1919 1264 1953 audiens
1291 1917 1458 1952 Maximus
1478 1916 1703 1951 Valentiniani

254 1964 390 1995 matrem
407 1973 479 1995 cum
495 1962 610 1995 liberis
627 1963 733 1997 sinum
749 1965 875 1997 lonium
890 1965 1144 1998 transiecturam
1157 1990 1166 2008 ,
1190 1964 1339 1998 collectis
1358 1962 1531 1996 velocibus
1548 1969 1582 1996 et
1596 1974 1702 2008 expe-

253 2007 333 2039 ditis
350 2007 499 2050 navigiiS‚
515 2019 555 2040 ac
569 2008 683 2041 iisdem
703 2009 930 2052 Andragathio
946 2011 1090 2051 traditis,
1111 2009 1274 2043 hominem
1292 2009 1335 2042 ad
1350 2008 1426 2042 illos
1441 2008 1535 2041 velut
1548 2007 1704 2051 indagine

254 2051 436 2096 capiendos
458 2052 605 2087 dimittit.
651 2053 681 2087 is
707 2055 740 2087 in
766 2066 894 2088 omnem
918 2061 1047 2100 partem
1072 2055 1212 2099 navigiis
1235 2054 1474 2088 circumvectus
1495 2053 1702 2098 propositum

254 2102 372 2130 tenere
395 2108 460 2129 non
485 2098 611 2142 potuit,
635 2099 726 2142 quod
752 2099 797 2132 illi
821 2100 885 2132 iam
909 2106 987 2133 ante
1009 2102 1132 2134 fretum
1159 2100 1285 2134 lonium
1311 2098 1581 2132 transmisissent.
1625 2098 1703 2131 inde

255 2141 338 2175 satis
365 2141 495 2185 magnis
520 2143 624 2187 copiis
647 2144 773 2176 coactis
800 2145 906 2178 omnia
932 2146 1052 2189 passim
1067 2146 1099 2179 in
1115 2145 1154 2179 iis
1170 2145 1253 2178 locis
1269 2143 1590 2187 circumnavigabat‚
1611 2142 1703 2188 quod

255 2187 485 2220 Theodosium
508 2187 658 2231 exercitu
681 2189 792 2222 navali
814 2190 938 2223 bellum
968 2192 1135 2224 facturum
1157 2189 1373 2224 existimaret,
1419 2193 1457 2222 at
1478 2188 1702 2230 Theodosius,

255 2232 308 2265 his
323 2233 423 2265 rebus
439 2232 567 2265 intento
588 2233 817 2277 Andragathio
830 2260 838 2275 ‚
865 2247 925 2279 per
948 2236 1153 2269 Pannoniam
1178 2240 1358 2279 portasque
1381 2234 1537 2268 montium
1552 2233 1703 2278 Apenni-

255 2288 372 2310 norum
389 2288 589 2322 progressus
607 2290 670 2311 nec
686 2279 863 2323 opinantes
885 2285 920 2313 et
934 2282 1087 2315 incautos
1102 2280 1320 2314 Maximianos
1338 2279 1497 2312 adoritur.
1560 2289 1703 2323 cumque

256 2333 336 2367 pars
361 2323 523 2366 quaedam
549 2324 715 2356 exercitus
737 2324 863 2368 impetu
891 2326 1064 2360 celerrimo
1090 2326 1132 2360 ad
1160 2324 1332 2370 Aquileiae
1355 2335 1466 2357 muros
1491 2324 1703 2366 accessisset,

257 2367 448 2413 aditumque
470 2368 507 2401 vi
528 2368 590 2401 sibi
615 2380 675 2411 per
698 2375 813 2413 portas
837 2371 1026 2414 aperuisset
1051 2371 1194 2416 (quippe
1213 2381 1278 2403 non
1297 2374 1455 2413 poterant
1471 2370 1519 2403 eis
1533 2368 1703 2410 custodes,

255 2423 414 2457 perquam
437 2413 535 2457 pauci
560 2425 717 2454 numero,
739 2414 936 2457 resistere),
961 2417 1124 2450 Maximus
1147 2414 1362 2460 imperatorio
1385 2415 1468 2448 solio
1493 2414 1702 2456 deturbatur,

258 2469 331 2491 cum
356 2459 527 2502 pecuniam
547 2459 579 2491 in
604 2459 725 2492 milites
749 2471 827 2493 suos
851 2461 969 2505 partiri
992 2462 1170 2506 coepisset.
1215 2460 1330 2493 habitu
1349 2459 1564 2504 imperatorio
1580 2463 1702 2493 exutus

259 2503 304 2536 ad
319 2503 547 2537 Theodosium
563 2504 747 2538 deducitur.
793 2505 822 2538 is
844 2506 976 2549 paucis,
1000 2517 1218 2550 quaecunque
1243 2509 1360 2538 contra
1374 2516 1445 2538 rem
1462 2503 1626 2549 publicam
1638 2503 1704 2546 de-

257 2548 422 2592 liquisset,
446 2550 541 2582 velut
556 2549 825 2593 exprobrationis
839 2551 915 2583 loco
931 2551 1126 2593 recensitis,
1148 2550 1310 2584 'nominem
1326 2550 1472 2583 carnifici
1489 2549 1601 2592 tradit,
1631 2559 1704 2582 me·
1742 2551 1744 2553 ’

257 2593 354 2627 ritam
383 2605 523 2639 poenam
548 2594 706 2628 luiturum
763 2596 851 2628 hunc
867 2595 1144 2635 Maximusvitae
1169 2595 1296 2640 pariter
1315 2606 1356 2628 ac
1374 2594 1560 2638 tyrannidis
1577 2593 1702 2628 exitum

258 2638 391 2682 habuit,
416 2639 474 2684 qui
499 2644 575 2673 astu
597 2644 755 2684 superato
773 2641 1002 2675 Valentiniano
1025 2642 1110 2674 citra
1125 2641 1272 2674 laborem
1288 2639 1376 2673 omni
1390 2650 1427 2672 se
1443 2639 1623 2684 potiturum
1638 2638 1703 2673 im-

257 2684 352 2726 perio
371 2685 524 2719 Romano
541 2685 776 2720 somniaverat.
823 2686 917 2728 (47)
933 2686 1013 2729 quia
1029 2698 1112 2719 vero
1127 2685 1340 2720 Theodosius
1354 2685 1534 2729 imperator
1549 2684 1705 2717 audierat

259 2728 441 2764 Maximum
466 2736 690 2766 transeuntem
713 2731 816 2777 Alpes
837 2731 942 2765 filium
967 2731 1152 2776 Victorem,
1175 2730 1336 2775 dignitate
1353 2730 1511 2765 Caesaris
1540 2734 1703 2770 ornatum,
