1774 3002
264 93 328 141 48
632 145 637 151 ,
888 93 1081 138 zosml

262 207 359 265 όπερ
392 203 530 250 ἐδόκει.
594 203 822 261 πυθόμενος
854 207 897 249 δὲ
925 207 996 262 τὴν
1027 206 1230 262 Ζηνοβίας
1256 205 1387 264 φυγὴν
1407 205 1430 250 ὅ
1450 204 1707 265 Λῧρηλιακός

263 278 319 326 εἷς
346 276 420 330 μὲν
438 276 510 330 τὴν
529 273 703 329 Ἔμεσαν
729 274 849 333 εἰσῄει
861 307 874 327 ,
908 274 1132 332 προθύμως
1152 275 1273 318 αὐτὸν
1294 279 1374 318 τῶν
1393 279 1566 318 πολιτῶν
1590 277 1707 329 δεχο-

261 345 403 398 μένων,
422 342 547 400 εῧρῴν
561 344 602 385 δὲ
624 347 794 386 πλοῦτον
817 343 863 385 ὃν
883 344 957 397 οὐχ
970 345 1034 386 οἵα
1047 361 1088 386 τε
1106 342 1270 399 ἐγεγόνει
1285 345 1467 398 Ζηνοβιά
1487 344 1706 398 μετακομί-

261 430 343 463 σαι,
362 415 609 468 παραχρῆμα
628 411 701 453 σὺν
717 416 774 470 τῷ
795 415 953 469 στρατῷ
965 416 1036 466 τῆς
1051 410 1150 453 ὁδοῦ
1160 417 1231 466 τῆς
1243 412 1306 453 ἐπὶ
1318 410 1550 468 Παλμύραν
1566 411 1705 466 εἴχετο.

261 482 328 522 καὶ
345 479 506 529 ἐπιστὰς
525 484 575 535 τῇ
594 477 727 531 πόλει,
761 478 892 537 κύκλῳ
914 480 1139 535 περιλαβὼν
1156 480 1200 522 τὸ
1219 486 1347 534 τεῖχος
1369 478 1601 536 ἐπολιόρκει,
1634 483 1737 534 τῆςό

261 552 415 605 τροφῆς
450 549 492 589 ἐκ
518 551 597 589 τῶν
627 546 921 601 πλησιαζόντων
945 545 1076 590 ἐθνῶν
1102 551 1161 605 τῷ
1184 548 1440 605 στρατοπέδῳ
1456 547 1706 605 χορηγουμέ-

261 634 345 670 νης.
412 620 491 658 τῶν
515 616 558 657 δὲ
573 617 857 671 Παλμυρηνῶν
874 613 1200 668 ἐπιτωθαζόντων
1220 614 1275 666 ὡς
1291 614 1490 658 ἀδυνάτου
1507 619 1580 671 τῆς
1599 612 1706 657 ἀλώ-

262 701 364 733 σεως
401 683 544 738 οὔσης,
589 682 666 738 ἤδη
704 685 748 726 δέ
783 701 888 734 τινος
923 685 989 726 καὶ
1030 686 1085 734 εἷς
1125 684 1247 726 αὐτὸν
1275 684 1346 726 τὸν
1366 684 1536 737 βασιλέα
1566 681 1707 738 λόγους

263 752 456 807 αἷσχροῦς
486 750 692 808 ἀφιέντος,
726 750 933 808 παρεστώς
962 769 1022 802 τις
1051 756 1108 809 τῷ
1131 755 1295 806 βασιλεῖ
1317 753 1481 807 Πέρσης
1510 749 1610 808 ἀνήρ
1634 748 1661 765 “
1674 751 1709 792 εἲ

607 817 631 833 (ζ
678 818 689 834 ἱ
753 818 765 833 t

265 818 462 869 κελεύεις”
488 818 578 875 ἔφη,
648 836 717 860 τον
745 820 938 876 υβριστὴν
965 824 1106 862 τοῦτον
1125 817 1405 877 ὄψεινεκρόν.”
1474 821 1708 876 ἐγκελευσα-
1719 825 1765 861 10

265 888 386 942 με’νου
423 887 466 928 ὁὲ
495 891 567 929 τοῦ
595 888 803 940 βασιλέως,
839 886 1163 944 προστησάμενος
1192 887 1338 930 ἑαυτοῦ
1370 887 1482 938 τινὰς
1509 886 1711 944 ὃΠέρσης

265 955 359 1005 τοὺς
371 953 709 1011 ἀποκρύπτοντας,
729 956 898 1005 ἐντείνας
910 955 955 997 τὸ
974 954 1088 1006 τόξον
1107 957 1175 998 καὶ
1192 957 1310 1010 βέλος
1327 953 1511 1012 ἁρμόσας
1532 955 1710 1012 ἀφίησιν,

262 1023 287 1065 ὃ
314 1023 363 1078 δὴ
386 1020 652 1079 προκεκυφότι
675 1027 747 1077 τῆς
774 1022 972 1074 ἐπάλξεως
1004 1028 1062 1081 τῷ
1091 1022 1295 1082 ἀνθρώπῳ
1316 1026 1382 1066 καὶ
1404 1023 1461 1066 ἔτι
1483 1023 1556 1073 τὰς
1573 1022 1711 1080 ὕβρεις

262 1092 467 1148 ἐπαφιέντι
498 1092 724 1146 προσπαγέν
757 1090 918 1147 κατάγει
944 1109 986 1134 τε
1015 1095 1089 1133 τοῦ
1126 1094 1280 1146 τείχους
1316 1091 1436 1134 αὐτὸν
1476 1093 1544 1134 καὶ
1572 1090 1711 1147 νεκρὸν

262 1164 321 1217 τῷ
342 1160 599 1216 στρατοπέδω
631 1161 698 1201 καὶ
727 1164 786 1218 τῷ
809 1163 972 1213 βασιλεῖ
997 1161 1203 1202 δείκνυσιν.
1271 1160 1392 1215 (55)
1427 1160 1509 1202 ἐπεὶ
1542 1160 1585 1202 δὲ
1614 1158 1709 1201 ἀντ-
1722 1161 1765 1198 15

262 1229 412 1281 είχοντο
448 1225 800 1282 πολιορκούμενοι,
851 1225 990 1270 σπάνει
1027 1231 1108 1269 τιῖν
1154 1229 1383 1282 ἐπιτηδείων
1425 1224 1712 1284 ἀπαγορεύσειν

259 1296 356 1344 τοὺς
376 1296 589 1348 πολεμίους
608 1295 857 1346 ἐλπίσαντες,
891 1297 957 1336 καὶ
978 1296 1312 1352 ἐγκαρτεροῦντας
1333 1292 1529 1348 θεώμενοι
1551 1294 1712 1337 καὶαύ-

259 1365 321 1405 τοὶ
348 1366 502 1419 τροφῆς
522 1363 650 1421 ἐνδείᾳ
676 1361 894 1416 πιεζόμενοι
923 1361 1083 1417 γνώμην
1103 1366 1307 1405 ποιοῦνται
1325 1363 1388 1405 ἐπὶ
1406 1363 1475 1405 τὸν
1490 1360 1711 1420 Εὐφράτην

261 1432 449 1487 δραμεῖν,
474 1429 627 1473 κάκεῖσε
647 1430 758 1487 παρὰ
778 1433 951 1486 Περσῶν
968 1429 1165 1486 βοήθειαν
1186 1429 1376 1487 εὑρέσθαι
1385 1463 1399 1482 ,
1434 1428 1652 1488 πράγματά
1667 1447 1710 1472 τε

254 1497 466 1551 Ῥωμαίοις
485 1495 656 1554 νεώτερα
674 1497 1004 1552 μηχανήσασθαι.
1071 1503 1199 1541 ταῦτα
1217 1496 1530 1552 βουλευσάμενοι
1547 1500 1614 1541 καὶ
1634 1503 1765 1540 κον-ω

261 1564 378 1625 μήλῳ
396 1565 468 1621 τὴν
487 1567 691 1620 Ζηνοβίαν
708 1564 1046 1621 ἀναβιβάσαντες,
1082 1566 1131 1608 αἳ
1152 1567 1202 1622 δὴ
1222 1565 1413 1622 καμήλων
1435 1568 1509 1610 εἰσὶ
1526 1565 1712 1622 τάχισται

355 1708 399 1743 12
421 1705 581 1746 ἐκτείνας
604 1707 648 1741 Ρ.
798 1707 842 1742 17
863 1706 926 1742 καὶ
949 1718 1002 1741 om
1025 1707 1068 1742 P.
1218 1707 1263 1743 21
1287 1704 1593 1753 ἀναβιβάσαντες]
1618 1706 1713 1742 addit

352 1752 578 1788 Leunclavius
597 1751 751 1798 θηλείᾳ,
773 1753 890 1787 forsan
911 1753 1021 1798 aptius
1046 1749 1216 1796 δρομάδι.
1276 1757 1312 1787 et
1325 1753 1463 1797 Vopisc.
1481 1753 1518 1787 in
1531 1753 1711 1787 Aureliano

353 1798 728 1879 gaizxcilitsgzelsaecribit
741 1798 924 1833 Zenobiam
939 1798 1069 1843 fugisse
1086 1799 1235 1842 camelis,
1251 1810 1336 1844 quas
1357 1799 1435 1844 (alii
1453 1799 1549 1845 quos)
1570 1799 1711 1833 droma-

265 1967 512 2002 concurrebant
534 1977 647 2000 omnes
672 1966 706 2000 in
727 1966 762 2000 id
784 1967 874 2011 quod
897 1967 1068 2002 decretum
1090 1968 1211 2001 fuerat.
1258 1967 1460 2002 Aurelianus
1483 1969 1606 2009 autem,
1627 1966 1712 2012 fuga

265 2012 437 2046 Zenobiae
452 2012 598 2055 cognita,
618 2012 771 2046 Emesam
784 2012 952 2055 ingressus
967 2018 1029 2054 est,
1045 2012 1174 2046 civibus
1189 2022 1262 2046 eum
1278 2023 1398 2056 magno
1414 2012 1525 2046 studio
1540 2012 1711 2058 excipien—

260 2058 361 2092 tibus.
408 2056 551 2102 repertis
571 2057 689 2101 opibus
713 2068 797 2100 quas
813 2058 964 2091 Zenobia
987 2069 1097 2091 secum
1118 2058 1254 2091 auferre
1277 2058 1486 2102 nequiverat,
1509 2057 1622 2091 statim
1636 2068 1710 2092 cum

261 2102 409 2137 exercitu
426 2102 616 2144 Palmyram
631 2102 813 2135 contendit.
860 2114 932 2135 cum
959 2115 1000 2136 eo
1023 2102 1171 2136 venisset
1186 2107 1222 2136 et
1241 2102 1355 2148 oppidi
1370 2103 1501 2136 moenia
1515 2102 1632 2136 castris
1645 2113 1711 2137 un-

260 2148 363 2192 dique
378 2147 548 2189 cinxisset,
574 2147 777 2181 obsidionem
803 2147 963 2189 instituit,
985 2148 1105 2181 vicinis
1129 2148 1285 2191 gentibus
1310 2149 1472 2182 exercitui
1495 2151 1711 2182 commeatum

260 2192 564 2247 suppeditantibus.
609 2192 739 2227 interim
754 2193 947 2236 Palmyreni
962 2193 1142 2238 principem
1165 2193 1310 2227 dicteriis
1323 2194 1590 2235 insectabantur,
1613 2193 1712 2238 quasi

259 2239 337 2272 fieri
370 2249 437 2272 non
460 2239 576 2283 posset
600 2241 638 2271 ut
670 2237 828 2282 oppidum
852 2243 1040 2282 caperetur.
1101 2249 1242 2283 cumque
1264 2238 1372 2272 verba
1393 2239 1496 2273 foeda
1520 2238 1652 2283 quidam
1675 2238 1709 2272 in

259 2284 271 2318 i
297 2294 368 2317 sum
387 2294 519 2328 quoque
533 2284 678 2317 iactaret
691 2283 936 2327 imperatorem,
952 2283 1090 2317 adstans
1099 2283 1297 2329 imperatori
1312 2285 1446 2329 quidam
1457 2283 1593 2318 natione
1600 2284 1710 2318 Persa

256 2326 267 2340 ‘
289 2329 319 2363 si
334 2325 457 2362 iubes'’
473 2327 592 2371 inquit,
617 2324 637 2338 ‘³
649 2329 812 2362 hominem
827 2327 1021 2362 maledicum
1036 2329 1100 2362 iam
1114 2334 1279 2362 mortuum
1295 2326 1512 2375 conspicies.’'
1559 2339 1632 2363 cum
1646 2339 1710 2363 an-

260 2375 389 2409 nuisset
403 2373 595 2418 imperator,
613 2373 732 2415 Persa,
755 2373 951 2417 quibusdam
966 2379 1045 2407 ante
1059 2385 1096 2408 se
1111 2374 1297 2408 constitutis
1312 2376 1374 2420 per
1389 2386 1472 2420 quos
1487 2374 1499 2407 i
1524 2385 1562 2408 se
1573 2378 1710 2418 tegere-

260 2424 331 2462 tur,
347 2430 459 2453 arcum
474 2418 578 2452 tendit
594 2422 629 2451 et
643 2422 792 2463 aptatum
809 2419 838 2452 ei
854 2420 955 2453 telum
973 2419 1112 2461 emittit,
1125 2419 1214 2464 quod
1228 2419 1260 2453 in
1275 2421 1440 2454 hominem
1455 2419 1496 2454 de
1545 2430 1599 2453 um
1613 2423 1712 2453 extra.

261 2465 347 2499 muri
363 2465 494 2510 pinnam
509 2469 778 2509 prospectantem
795 2469 830 2498 et
844 2464 928 2498 istas
947 2465 1057 2498 adhuc
1073 2465 1289 2498 contumelias
1307 2465 1534 2507 effutientem,
1561 2464 1603 2498 ab
1626 2463 1711 2542 ἱρείη

262 2521 335 2544 eum
348 2510 520 2544 moenibus
532 2509 667 2551 deiecit,
683 2514 717 2543 et
732 2514 801 2542 tam
816 2509 979 2543 exercitui
995 2521 1092 2554 quam
1106 2510 1300 2555 imperatori
1314 2515 1477 2545 mortuum
1491 2513 1630 2555 spectan
1656 2519 1710 2543 um

266 2555 427 2590 exhibuit.
474 2554 555 2599 (55)
579 2565 652 2588 cum
665 2555 792 2589 obsessi
811 2555 1017 2595 resisterent,
1041 2560 1076 2589 et
1090 2556 1148 2599 qui
1161 2556 1274 2590 hostes
1290 2556 1332 2589 ob
1346 2555 1490 2600 inopiam
1505 2560 1710 2588 commeatus

265 2601 470 2634 obsidionem
486 2600 651 2634 soluturos
667 2604 899 2645 speraverant,
910 2601 976 2634 iam
992 2612 1051 2634 eos
1065 2600 1239 2645 proposito
1255 2611 1316 2634 suo
1328 2604 1521 2635 constanter
1533 2599 1711 2633 inhaeren-

264 2648 318 2678 tes
333 2645 576 2691 conspicerent,
597 2645 662 2691 ipsi
676 2646 906 2679 alimentorum
922 2646 1061 2690 penuria
1075 2650 1319 2691 premerentur,
1346 2646 1388 2679 ad
1403 2645 1612 2690 Euphratem
1627 2655 1710 2689 pro-

265 2690 457 2732 fugiendum
473 2694 645 2733 statuunt,
667 2695 770 2736 atque
787 2691 864 2726 istic
879 2702 900 2724 a
913 2691 1027 2725 Persis
1041 2690 1274 2725 inveniendum
1295 2691 1452 2724 auxilium
1466 2700 1622 2734 novaque
1637 2689 1710 2723 Ro-

265 2734 371 2769 manis
393 2736 591 2772 facessenda
610 2737 759 2782 negotia.
812 2736 865 2772 his
887 2736 995 2772 cautis
1019 2736 1183 2780 consiliis,
1205 2736 1387 2772 Zenobiam
1414 2734 1541 2770 camelo
1563 2733 1710 2770 feminae
