1812 3016
217 69 316 114 376
431 47 433 49 ’
651 42 660 50 ’
756 67 1114 112 mmmmm

327 192 367 230 p.
387 174 465 219 149
483 191 521 216 V.
540 179 607 220 17.
663 178 864 216 Ammian.
887 175 941 219 24
970 180 1012 219 2.
1068 172 1250 214 machina
1278 173 1553 226 poliorcetica,
1581 171 1655 211 he-

217 235 359 286 lepolis
385 234 502 272 dicta.

328 314 370 352 p.
391 300 470 342 150
490 314 529 339 v.
546 303 587 342 7.
644 300 722 338 duo
743 301 855 338 milia
874 298 1161 337 dediticiorum.
1216 297 1416 335 Ammian.

329 381 370 418 p·
394 367 472 408 151
492 380 530 404 v.
553 368 617 407 18.
675 374 830 404 auctore
858 367 1067 404 Ammiano
1099 363 1154 406 24
1182 366 1207 405 3
1236 377 1339 402 unus
1361 370 1515 402 tantum
1533 364 1659 401 tribu-

218 436 359 460 norum
381 435 513 473 pugna
534 422 746 470 ceciderat,
778 424 919 474 reliqui
942 422 1042 470 duo,
1072 427 1117 458 ut
1136 419 1290 457 desides
1314 420 1447 470 ignavi
1470 427 1660 457 exaucto-

220 481 316 526 rati,
347 477 483 516 decem
513 491 605 516 vero
634 480 780 516 milites
802 492 855 516 ex
872 480 920 516 ils
942 479 1009 529 qui
1029 485 1184 527 turpem
1204 476 1340 526 sugam
1362 483 1564 527 ceperant,
1594 489 1660 513 se·-

219 536 383 572 veritate
402 541 578 572 veterum
597 535 733 585 legum
752 535 908 585 capitali
930 533 1076 571 addicti
1094 533 1193 569 sunt‘
1201 532 1406 582 supplicio.

330 615 371 652 p-
395 601 472 642 152
489 614 528 638 v.
549 603 613 641 11.
671 615 715 638 ex
735 600 887 638 utribus
904 608 941 637 et
956 601 1138 637 coriaceis
1155 597 1324 636 navibus
1340 598 1549 649 itidemque
1568 612 1662 635 con-

219 658 331 693 sectis
344 657 578 707 palmarum
598 656 774 694 trabibus
784 657 1010 708 pontit-ulos
1029 656 1256 693 constravit.
1300 656 1500 692 Anunian.
1521 655 1549 691 l.
1571 667 1606 691 c.

330 737 369 774 p-
390 722 468 764 153
488 736 525 760 v.
546 725 586 762 2.
644 724 765 774 Maob
751 723 960 760 ‹ramalelza
989 722 1083 759 urbs
1109 735 1259 772 magna
1281 728 1399 772 atque
1419 721 1565 759 validis
1585 723 1663 758 cir-

221 779 409 816 cumdata
428 777 627 815 moenibus
646 779 694 815 ab
711 781 921 826 Ammiano
943 778 997 820 24
1026 777 1053 818 4
1080 785 1253 816 vocatur.

333 843 386 881 ib.
411 858 449 883 v.
474 847 537 885 17.
594 846 858 896 confugerant
881 859 923 883 eo
950 844 1091 882 salutis
1118 858 1240 882 causa
1268 843 1440 882 duamm
1459 846 1663 883 civitatum

221 901 387 938 incolae.
446 899 647 937 Ammian.
1590 928 1593 929 ν

332 955 386 992 ib.
411 969 450 993 v.
470 958 538 995 22.
597 962 787 1007 equestres
805 961 957 992 turmae
973 955 1121 992 divisae
1133 969 1210 1005 per
1221 955 1374 1006 globos.
1407 956 1608 994 Ammian.

331 1025 372 1062 p.
395 1010 473 1052 155
494 1024 531 1048 V.
552 1010 593 1052 5.
650 1010 732 1050 vid.
761 1012 994 1063 Prosopogr.
1025 1024 1059 1048 c.
1088 1010 1168 1049 Th.
1200 1018 1239 1049 et
1267 1013 1402 1050 Fastos
1425 1011 1593 1049 Relandi
1614 1010 1665 1049 ad

221 1080 258 1104 a.
281 1069 375 1107 362.
433 1068 578 1105 Ritter.

332 1136 372 1173 p.
394 1122 471 1162 156
490 1136 528 1160 v.
550 1126 616 1165 13.
672 1123 871 1160 Ammian.
893 1123 922 1159 l.
941 1135 975 1159 c.
1000 1122 1130 1159 evolat
1148 1122 1390 1172 Exsuperius
1409 1123 1457 1160 de
1476 1124 1667 1160 victorum

220 1191 382 1216 numero
400 1178 527 1223 miles,
551 1185 643 1228 post
660 1192 774 1228 quem
790 1179 973 1229 [Wagnus
991 1177 1173 1214 tribunus
1189 1185 1226 1213 et
1241 1179 1430 1216 Iovianus
1445 1180 1635 1215 notarius.

334 1233 387 1270 ib.
413 1247 452 1271 v.
475 1235 540 1274 18.
596 1236 797 1270 Ammian.
823 1234 964 1284 vigiles
991 1247 1037 1270 ex
1063 1248 1139 1270 usu
1163 1235 1282 1271 moris
1301 1235 1453 1285 gentici
1477 1235 1668 1271 iustitiam

215 1289 529 1341 felicitatemque
544 1291 649 1339 regis
667 1291 731 1325 sui
746 1291 899 1326 canoris
917 1288 1076 1326 vocibus
1093 1289 1325 1326 extollentes.

334 1358 375 1394 p.
401 1345 477 1384 158
497 1358 535 1382 v.
554 1347 594 1384 8.
651 1346 801 1381 Zosimi
829 1345 948 1381 verba
976 1345 1128 1396 (inquit
1156 1345 1373 1383 Salmasius
1398 1348 1541 1383 Exere.
1560 1347 1668 1383 Plin.

223 1400 254 1436 f.
279 1398 411 1449 1226)
442 1401 497 1435 ita
528 1399 696 1448 legenda
723 1407 833 1436 sunt:
859 1415 1005 1451 χωχης,
1034 1403 1111 1439 νῦν
1143 1398 1186 1439 δὲ
1215 1407 1289 1437 etc.
1345 1407 1384 1437 et
1412 1402 1589 1452 Scaliger
1617 1400 1669 1438 ad

221 1455 439 1491 Eusebium
457 1468 498 1492 n.
517 1457 638 1502 2298,
668 1454 775 1504 apud
790 1457 1006 1503 Zosimum,
1036 1457 1178 1507 inquit,
1206 1456 1277 1492 lib.
1295 1458 1335 1496 3.
1374 1454 1564 1508 Ζωχάσης
1578 1453 1670 1497 α’ντὶ

223 1513 298 1550 τοῦ
324 1506 466 1560 Κωχης
495 1511 639 1560 legitur
663 1509 874 1558 mendose,
905 1518 948 1548 ut
974 1510 1142 1548 videtur.
1200 1513 1368 1548 rationes
1386 1514 1539 1563 quibus
1569 1514 1669 1549 tanti

224 1566 302 1603 viri
329 1567 449 1603 innisi
478 1573 588 1614 sunt,
617 1565 670 1602 ad
695 1567 930 1616 Eutropium
965 1565 1160 1604 dedimus.
1217 1579 1318 1618 quae
1349 1575 1482 1605 contra
1512 1569 1669 1605 obiiciat

225 1622 406 1659 Valesius
429 1634 481 1658 ex
503 1628 691 1659 contextu
709 1623 912 1659 Ammiani
929 1621 983 1663 24
1015 1624 1065 1665 18
1086 1628 1125 1659 et
1146 1623 1198 1663 21
1223 1629 1262 1659 et
1282 1622 1484 1674 Stephano
1501 1625 1668 1676 Byzant.

227 1677 270 1714 in
287 1674 418 1728 χαίχη,
449 1679 671 1715 notavimus
691 1676 742 1714 ad
758 1678 870 1715 Sext.
888 1678 1049 1715 Rufum.
1112 1677 1256 1716 Cellar.

339 1732 393 1769 ib.
413 1746 452 1771 v.
475 1733 541 1775 14.
600 1746 688 1770 eam
719 1747 824 1781 rem,
853 1746 972 1785 quam
1001 1734 1182 1771 Zosimus
1214 1732 1408 1781 confudit,
1437 1735 1670 1772 Ammianus

230 1789 400 1825 curatius
428 1790 590 1839 exponit
615 1789 670 1831 24
707 1788 758 1829 5.
798 1797 1045 1840 antegressus
1077 1803 1168 1826 cum
1190 1789 1531 1839 procursatoribus
1551 1792 1671 1840 prin-

232 1857 340 1893 ceps,
374 1851 411 1879 et
435 1846 498 1880 cit
499 1847 632 1881 itatem
658 1845 847 1882 desertam
877 1818 1061 1896 (bCocheu
1089 1858 1120 1882 s.
1144 1845 1390 1895 Seleuciam)
1418 1846 1670 1891 collustrans,

230 1912 259 1936 a
286 1898 386 1935 Caro
417 1900 498 1950 (ita
516 1901 607 1950 lego
627 1913 716 1937 cum
733 1900 1049 1950 Lindenbrogio)
1076 1902 1254 1950 principe
1269 1901 1468 1951 quondam
1483 1903 1670 1947 excisam,

233 1967 396 2003 corpora
428 1956 528 1992 vidit
555 1956 699 2005 suffixa
716 1956 915 2005 patibulis
943 1957 1071 1993 multa
1096 1957 1421 1993 necessitudinum
1449 1958 1530 1993 eius
1557 1970 1671 2007 quem

227 2009 448 2060 prodidisse
476 2012 672 2047 civitatem
698 2012 971 2049 Pirisaboram
995 2012 1216 2048 rettulimus
1242 2025 1375 2061 supra.
1437 2025 1516 2048 non
1551 2014 1672 2062 igitur

234 2071 490 2114 cognatorum
523 2067 607 2103 eius
634 2068 702 2117 qui
730 2066 908 2116 Cochen,
937 2069 1005 2104 ubi
1024 2069 1218 2104 exercitus
1241 2074 1343 2114 erat,
1374 2066 1444 2103 sed
1465 2067 1671 2117 proditoris

234 2122 305 2171 qui
334 2118 408 2156 hoc
437 2121 540 2158 bello
568 2123 830 2159 Pirisaboram
856 2125 1123 2161 Romanorum
1148 2123 1312 2171 fecerat,
1343 2123 1487 2160 suffixa
1505 2124 1547 2159 in
1566 2124 1672 2174 pati-

233 2176 339 2213 bulis
364 2188 525 2227 corpora
545 2178 719 2214 Iulianus
737 2177 850 2215 vidit.

347 2230 400 2268 ib.
425 2245 463 2269 v.
485 2235 554 2272 20.
609 2234 722 2270 vivus
747 2241 907 2272 exustus
930 2241 1000 2271 est.
1057 2234 1256 2270 Ammian.
1279 2231 1333 2273 24
1362 2231 1403 2272 5.

347 2300 387 2337 p.
407 2288 485 2328 159
505 2301 543 2325 v.
565 2286 605 2328 5.
661 2295 823 2325 ventum
844 2297 932 2326 ante
957 2296 1038 2326 erat
1059 2289 1109 2326 ad
1133 2289 1334 2325 castellum
1361 2287 1559 2338 quoddam
1581 2301 1673 2324 mu-

235 2343 497 2391 nitissimum,
529 2345 590 2380 cui
613 2356 702 2380 cum
720 2347 853 2394 paucis
873 2345 1104 2397 obequitans
1127 2346 1302 2382 Iulianus
1321 2346 1392 2380 vix
1410 2346 1512 2381 vitae
1534 2343 1672 2381 discri-

234 2411 326 2435 men
347 2398 498 2449 effugit.
553 2400 750 2436 Ammian.
771 2399 824 2439 24
853 2399 892 2440 5.

347 2453 401 2490 ib.
425 2468 461 2491 v.
482 2458 550 2495 21.
606 2455 847 2504 παραδείσου
867 2456 1087 2506 βασιλικοῦ.
1143 2455 1195 2491 cf.
1214 2455 1413 2491 Ammian.
1432 2455 1462 2491 l.
1485 2467 1519 2490 c.

347 2522 388 2559 p.
413 2512 491 2550 160
513 2524 552 2548 v.
575 2514 613 2551 1.
668 2511 867 2547 Ammiau.
894 2510 949 2550 24
985 2514 1032 2550 6:
1075 2509 1228 2547 sublato
1258 2510 1423 2555 vexillo,
1451 2516 1496 2546 ut
1523 2509 1673 2544 iussum

241 2571 313 2610 est,
343 2566 499 2602 evolant
519 2580 538 2603 e
561 2573 766 2616 conspectu
782 2568 954 2617 quinque
970 2565 1096 2602 subito
1113 2579 1245 2603 naves.

351 2619 405 2657 ib.
430 2635 468 2658 v.
491 2621 557 2664 14.
612 2623 810 2661 Ammian-
838 2622 868 2661 l.
899 2634 933 2660 c.
962 2621 1139 2673 adusque
1167 2621 1245 2659 diei
1255 2621 1385 2669 finem
1409 2633 1436 2657 a
1459 2619 1559 2656 lucis
1586 2624 1674 2654 ortu

243 2675 461 2715 decernens.
