1812 3016
295 75 393 124 410
836 79 1197 124 REITEMEIERI

294 201 435 227 menus
459 187 623 227 victores
652 187 773 228 fuisse
796 191 993 228 Romanos
1021 189 1201 240 tradunt,
1248 195 1287 228 et
1318 187 1454 230 sedem
1485 190 1671 231 victoriae
1693 192 1735 229 in

294 244 467 284 Thracia
487 246 692 283 collocant.

406 315 447 352 p.
467 304 546 342 277
564 315 602 339 v.
623 303 688 342 18.
749 300 940 339 eiusmodi
963 302 1040 339 alia
1061 303 1104 339 in
1126 303 1346 355 principem
1372 301 1479 341 hunc
1505 304 1624 341 verba
1655 304 1735 341 ini-

294 358 397 395 mica
420 357 543 395 vide'
532 371 574 395 m
593 358 745 395 Comm.
767 357 863 395 adl.
884 360 909 398 3
927 357 1014 396 cod.
1033 357 1190 396 Theod.
1218 359 1269 397 ad
1284 362 1382 411 Leg.
1403 361 1519 398 cnm.
1546 358 1595 397 de
1619 360 1734 397 sicar.

295 414 442 452 Ritter.

407 468 461 506 ib.
485 483 523 507 v.
538 471 606 509 20.
664 469 882 507 sozomeno
903 472 928 511 8
957 468 1010 511 25
1030 476 1068 507 et
1084 468 1346 521 Philostorgio
1373 472 1420 511 11
1452 472 1478 511 8
1499 470 1732 519 auctoribus,

293 524 467 564 Thracia
485 526 533 562 ab
555 527 721 574 Hunnis,
751 527 820 577 qui
844 528 988 563 Istrum
1005 527 1248 574 traiecerant,
1278 532 1428 564 vastata
1447 526 1537 563 fuit.

403 596 444 633 p.
465 583 545 622 278
566 594 604 618 v.
622 584 663 622 2.
722 582 909 632 agebatur
937 583 979 618 in
1005 583 1091 619 loco
1113 583 1298 620 lacunoso
1319 583 1367 620 de
1387 581 1567 619 exulibus
1590 582 1735 619 Satur·-

287 639 387 675 ssm'no
407 645 442 674 et
459 637 684 674 Aureliano
713 639 763 674 cf.
781 651 868 688 sup.
890 651 931 687 p.
951 639 1028 678 271
1050 639 1136 675 init.
1166 641 1222 676 sic
1240 645 1279 675 et
1295 639 1527 676 Tillemont.
1552 639 1593 674 iu
1610 639 1734 675 Arca-

240 739 245 743 ·
293 692 359 731 dio
379 701 450 731 art.
474 696 523 735 18
543 700 581 730 et
600 701 692 730 nota
713 694 781 734 25.
839 692 936 744 quid
962 699 1093 730 autem
1121 707 1257 731 eorum
1282 693 1430 732 reditus
1459 693 1511 731 ad
1525 692 1733 731 Eudoxiae

291 749 429 787 odium
454 750 495 785 in
522 751 710 786 Ioannem
730 748 1053 800 Chrysostomum
1073 750 1399 788 inflammandum
1417 751 1611 797 attulerit,
1653 762 1734 786 non

293 807 387 842 satis
407 811 569 842 constat.
627 813 853 856 suspectum
869 818 963 842 sane
982 803 1088 842 hunc
1106 807 1284 857 Augusta
1305 805 1477 844 habebat
1495 805 1544 844 ob
1565 807 1732 856 gratiam

290 873 371 912 qua
390 859 496 911 apud
520 862 685 898 Gainam
711 869 806 899 erat.
862 862 924 898 H.
1300 879 1305 882 ’

404 916 457 955 ib.
481 930 520 954 v.
542 919 582 956 8.
638 917 720 954 vid.
741 931 774 954 c.
794 920 847 958 20
866 918 954 954 init.
982 923 1021 954 et
1049 917 1105 954 ibi
1121 916 1274 955 videbis
1293 917 1412 954 etiam
1433 918 1546 968 iungi
1564 915 1636 958 τόν
1653 918 1734 969 βα·-

292 970 401 1012 σιλὲα
422 971 489 1012 καὶ
510 970 583 1024 τήν
601 974 824 1025 γερουσίαν.
881 974 1025 1010 Ritter.

402 1028 456 1066 ib.
488 1042 526 1066 v.
560 1031 624 1070 16.
678 1030 707 1066 l.
732 1031 784 1069 11
813 1028 861 1066 de
889 1031 1038 1080 Pagan.
1072 1035 1111 1065 et
1138 1029 1194 1066 ibi
1217 1027 1449 1066 Gothofred.
1473 1042 1518 1066 ac
1544 1029 1574 1066 l.
1601 1030 1655 1070 37
1683 1027 1732 1066 de

290 1080 474 1135 Episcop.
497 1091 535 1122 et
551 1085 607 1121 ibi
629 1086 780 1122 Comm.
811 1086 954 1122 Ritter.
1023 1091 1172 1135 spectat
1193 1098 1255 1123 res
1276 1085 1326 1123 ad
1347 1084 1564 1123 Theodosii
1581 1087 1600 1122 1
1628 1091 1733 1122 tem-

290 1153 386 1190 pora
400 1170 410 1188 ‚
451 1153 487 1177 a.
513 1142 593 1182 389
618 1143 730 1179 initio
751 1142 853 1179 facto
873 1155 895 1178 a
914 1139 1059 1178 Bacchi
1078 1141 1239 1192 templo.
1297 1155 1334 1179 v.
1356 1142 1444 1179 loca
1463 1142 1673 1179 Sozomeni
1691 1147 1731 1178 et

292 1197 460 1233 aliorum
480 1210 543 1248 ap.
563 1198 794 1234 Tillemont.
819 1199 861 1234 in
882 1196 1109 1234 Theodosio
1130 1203 1202 1235 art.
1225 1197 1280 1238 52
1296 1210 1383 1249 sqq.
1412 1200 1579 1235 Ioannes
1595 1197 1731 1234 exulat

290 1264 327 1293 a.
349 1252 443 1293 404.
500 1254 766 1291 memorabilis
788 1260 846 1290 est
861 1254 971 1291 locus
990 1255 1059 1304 qui
1079 1255 1254 1304 sequitur
1271 1254 1319 1290 de
1337 1253 1551 1291 monachis.
1609 1254 1671 1290 H.

401 1307 455 1344 ib.
478 1322 517 1346 v.
539 1311 606 1349 23.
662 1308 744 1346 vid.
763 1310 902 1346 Liban.
930 1315 1027 1346 orat.
1050 1322 1121 1359 pro
1144 1310 1303 1359 templis
1332 1323 1372 1360 p.
1395 1309 1475 1350 475
1507 1308 1571 1346 ed.
1592 1310 1729 1346 Trotz.

289 1370 329 1400 et
352 1363 409 1399 ibi
437 1365 523 1401 loca
553 1377 576 1400 a
602 1364 815 1402 Godofred.
845 1366 1007 1402 collecta
1035 1370 1073 1400 et
1098 1366 1279 1416 inprimis
1308 1367 1528 1415 elegantem
1558 1365 1729 1415 Eunapii

287 1419 420 1457 locum
440 1421 482 1456 iu
499 1422 568 1456 vit.
591 1419 765 1471 Sophist.
791 1427 829 1458 et
845 1422 996 1458 Comm.
1021 1419 1117 1456 adl.
1145 1424 1162 1459 1
1185 1419 1233 1457 de
1253 1419 1436 1458 monach.
1494 1421 1640 1457 Ritter.

398 1488 439 1525 p·
462 1478 542 1517 279
562 1489 599 1513 v-
618 1479 657 1517 3·
716 1473 949 1529 ἀναγκαίαν.
987 1474 1167 1513 Gothofr.
1189 1476 1239 1513 ad
1256 1477 1286 1514 1.
1306 1479 1359 1517 63
1376 1490 1408 1514 c.
1428 1474 1509 1514 Th.
1529 1475 1578 1514 de
1596 1475 1730 1514 decur-

286 1530 432 1567 Ritter.

398 1586 452 1623 ib.
485 1599 523 1624 v.
545 1584 610 1627 14.
669 1588 861 1624 excitatae
889 1588 937 1624 ob
965 1589 1154 1625 Ioannem
1180 1588 1318 1625 turbae
1347 1588 1494 1638 largius
1525 1588 1729 1639 expositae

284 1648 376 1680 sunt
402 1655 426 1679 a
453 1642 613 1680 Socrate
633 1645 659 1684 6
692 1643 867 1684 15--21
893 1650 932 1680 et
953 1644 1170 1681 Sozomeno
1193 1646 1219 1684 8
1251 1645 1427 1684 16—18
1443 1673 1454 1692 ‚
1494 1646 1564 1696 qui
1587 1656 1730 1681 mona-

284 1697 447 1735 chorum
485 1698 646 1750 quidem
680 1698 841 1736 caedem
871 1712 1068 1750 nusquam
1099 1706 1425 1747 commemorant,
1470 1700 1728 1738 Severianum

284 1755 512 1805 episcopum
538 1762 690 1802 autem,
728 1761 772 1791 ut
794 1756 931 1805 populi
956 1756 1131 1794 furorem
1158 1757 1354 1806 mitigaret
1376 1758 1727 1807 comprimeretque

283 1809 531 1859 seditionem,
561 1811 644 1848 frus
646 1817 705 1847 tra
724 1810 879 1848 dedisse
899 1825 1059 1864 operam
1074 1813 1260 1849 scribunt.
1319 1812 1370 1848 cf.
1389 1813 1562 1849 Zonaras
1585 1813 1634 1852 13
1657 1814 1726 1852 20-

396 1865 448 1904 ib.
472 1879 510 1903 v.
537 1868 600 1906 18
659 1862 886 1918 εὐνούχους.
942 1866 1024 1906 vid.
1046 1869 1197 1905 Comm.
1223 1866 1275 1905 ad
1295 1868 1324 1904 l.
1343 1866 1397 1908 34
1417 1880 1451 1905 o.
1470 1866 1552 1905 Th.
1577 1866 1626 1904 de
1651 1880 1726 1918 pe-

283 1921 500 1958 titionibus.
558 1922 700 1959 Ritter,

394 1990 435 2028 p-
454 1979 535 2018 280
557 1991 597 2015 v.
617 1980 655 2018 8.
695 1974 878 2029 αβίωτον.
907 1980 1063 2017 Ernesti
1083 1978 1132 2016 de
1150 1992 1224 2016 usu
1241 1979 1404 2029 glossar.
1422 1991 1463 2029 p.
1478 1977 1547 2018 35.
1574 1979 1719 2015 Ritter.

395 2032 449 2068 ib.
472 2045 510 2069 ν.
535 2035 598 2072 11.
659 2032 706 2070 de
731 2033 838 2071 hisce
866 2035 1047 2073 secundis
1066 2036 1221 2072 Ioannis
1243 2036 1368 2072 turbis
1386 2033 1467 2071 vid.
1484 2035 1725 2072 Sozomeuus

284 2088 310 2127 8
341 2088 533 2129 19-23,
591 2089 767 2139 pluribus
793 2097 830 2126 et
856 2090 904 2127 ob
933 2090 1106 2129 diversas
1125 2103 1259 2127 causas
1285 2090 1459 2128 incendii
1477 2090 1592 2140 eulpa
1611 2091 1725 2126 attri-

282 2143 377 2180 buta
401 2144 488 2180 fuit.
546 2144 725 2182 Socrates
755 2147 780 2184 6
812 2147 886 2194 18,
925 2145 1069 2184 Chron.
1090 2145 1230 2185 Pasch.
1252 2160 1293 2197 Ρ.
1314 2149 1408 2186 307.
1467 2148 1604 2183 Ioanni
1632 2158 1725 2183 suc-

285 2200 401 2235 cessit
420 2201 461 2235 in
481 2201 706 2250 episcopatu
724 2202 919 2239 Arsacias.
979 2205 1079 2239 circa
1097 2215 1244 2241 anuum
1265 2201 1367 2248 404,
1409 2215 1486 2254 quo
1508 2202 1640 2253 Cpolis
1659 2200 1723 2238 his

282 2255 515 2292 tumultibus
533 2263 675 2293 vexata
695 2257 791 2305 fuit,
821 2259 1103 2296 terminabatur
1127 2259 1308 2308 Eanapii
1325 2256 1501 2295 historia.
1558 2256 1724 2295 Photius

283 2309 371 2348 cod.
390 2313 459 2351 77.

393 2366 446 2404 ib.
468 2380 507 2404 v.
534 2369 596 2408 17.
655 2363 790 2419 φλόγα.
847 2368 928 2406 vid.
957 2371 1110 2407 Comm.
1142 2369 1193 2406 ad
1222 2370 1251 2405 l.
1282 2367 1337 2410 44
1371 2382 1404 2407 c.
1434 2367 1514 2407 Th.
1543 2367 1592 2405 de
1616 2381 1723 2418 oper.

279 2421 390 2472 publ.
421 2423 565 2459 Ricter.
612 2436 814 2473 magnum
840 2422 915 2462 hoc
935 2427 1204 2462 Ioannitarum
1230 2425 1423 2474 flagitium
1439 2423 1612 2461 incendii
1635 2423 1724 2460 urbi

279 2479 426 2527 parati3
471 2491 493 2515 a
525 2491 602 2530 quo
632 2479 699 2515 alii
732 2492 798 2516 eos
827 2480 994 2519 liberare
1024 2482 1196 2519 voluere.
1252 2481 1373 2530 paulo
1405 2487 1494 2517 aute
1523 2483 1606 2525 τοῖς
1626 2490 1724 2518 συν-

277 2530 423 2583 η’θεσιν
446 2534 567 2585 ἱεροῖς
590 2534 639 2572 de
659 2549 782 2574 sacras
797 2536 1039 2573 sermonibus
1060 2544 1118 2575 est
1142 2535 1436 2589 accipiendum,
1475 2536 1618 2587 quibus
1635 2541 1722 2571 tur-

276 2588 462 2627 bulentus
482 2589 601 2628 homo
614 2592 775 2642 plebem
793 2593 1064 2642 exasperabat.
1121 2594 1182 2629 I-I.

387 2644 443 2685 ib.
465 2659 503 2683 v.
523 2648 590 2687 21.
647 2647 849 2689 Palladius
874 2650 917 2688 in
944 2649 1100 2700 Dialog.
1129 2661 1171 2700 p.
1203 2650 1256 2689 10
1283 2653 1314 2684 t.
1335 2646 1388 2688 13
1418 2647 1492 2696 Op.
1519 2643 1720 2696 chrysost.

278 2697 370 2737 add.
391 2713 432 2752 p.
453 2703 523 2744 37.
581 2703 725 2740 Ritter.
