1812 3016
267 95 365 145 384
807 94 1165 140 REITEMEIERI

266 215 399 247 autem
445 201 563 258 paulo
608 205 721 244 aliter
769 219 804 243 c.
843 206 894 246 11
939 205 1086 243 leviora
1126 205 1342 249 certamina
1380 203 1485 256 apud
1523 205 1704 243 Ammia-

265 278 377 303 num.
434 277 535 316 quae
564 260 613 300 de
635 263 808 301 Ausonio
829 259 932 300 dicta
962 261 1025 314 (c.
1049 260 1150 312 10),
1180 274 1226 299 ea
1246 261 1290 298 in
1307 262 1517 299 Ammiano
1535 274 1616 299 non
1636 260 1704 298 oc-

267 326 441 359 currunt.

378 401 420 439 p.
444 384 523 427 184
542 399 581 424 v.
605 388 670 428 12.
727 391 883 424 exstant
903 385 945 423 in
965 385 1067 423 Exc.
1085 386 1223 436 Legat.
1242 383 1413 435 Eunapii
1431 383 1569 433 verba,
1598 382 1705 421 unde

265 443 365 482 haec
387 444 508 495 petita
526 449 629 480 suut.
687 442 748 479 H.

374 509 428 548 ib.
455 523 494 548 v.
515 510 583 550 21.
641 510 887 562 Μαρκιανοῦ
910 505 1068 556 πόλεως.
1127 506 1209 546 vid.
1231 513 1313 546 not.
1336 505 1389 544 ad
1407 507 1436 545 l.
1457 507 1480 547 1
1500 505 1550 544 de
1569 519 1705 560 equor.

264 567 396 605 collat.
453 566 598 603 Ritter.

374 648 415 685 p.
434 632 512 674 185
531 646 570 670 v.
591 630 632 672 4.
688 630 740 668 ad
759 631 884 682 praef.
903 644 964 682 pr.
987 630 1094 667 enim
1114 642 1268 668 summa
1289 629 1346 667 rei
1366 629 1594 667 tributariae
1614 643 1706 681 per-

265 691 432 736 tinebat,
464 689 532 740 qui
564 694 602 724 et
627 686 986 739 quadrimenstruos
1004 687 1142 724 breves
1157 684 1247 723 ideo
1266 684 1513 733 conficiebat,
1544 684 1592 722 de
1617 687 1708 738 qui-

263 747 339 784 bus
362 744 444 783 vid.
472 745 534 781 tit.
552 757 586 781 c.
607 741 687 780 T'n.
708 744 793 780 etl.
818 745 896 784 173
918 741 966 779 de
988 741 1120 779 decur.
1175 740 1242 778 hic
1268 742 1388 779 etiam
1414 739 1626 779 dicendum
1658 741 1708 779 de

266 802 455 852 portubus
475 798 851 851 expeditionalibus,
883 797 932 835 de
952 798 1093 850 quibus
1114 796 1195 836 vid.
1213 798 1243 835 l.
1261 800 1288 838 2
1306 810 1340 835 c.
1355 795 1439 835 Th.
1461 795 1509 834 de
1527 798 1706 849 naufrag-

267 860 311 895 in
337 859 490 895 Comm.
546 856 691 892 Ritter.

378 937 419 974 p.
442 924 518 963 186
538 935 576 959 v.
596 924 636 962 2.
695 926 960 958 convenerunt
984 920 1129 958 Valens
1154 925 1193 956 et
1213 917 1501 958 Athanarichus
1524 921 1708 972 colloquii

271 992 410 1027 causa,
442 980 483 1015 in
504 979 591 1029 ipso
612 978 774 1014 flumine
792 979 890 1014 Istro
910 976 1075 1013 navibus
1091 977 1208 1013 vecti.
1266 977 1303 1012 ei
1330 978 1386 1013 rei
1403 976 1579 1014 interfuit
1595 975 1708 1014 The-

269 1037 444 1083 mistius,
476 1036 546 1086 qui
574 1034 698 1084 (orat.
719 1031 796 1083 10)
826 1034 1104 1083 imperatorem
1119 1031 1168 1069 ob
1190 1032 1330 1068 initam
1346 1039 1440 1069 tunc
1459 1045 1549 1069 cum
1569 1031 1708 1070 Gothis

269 1105 410 1143 pacem
426 1091 580 1141 maguis
602 1088 787 1127 laudibus
809 1089 978 1126 extollit.
1035 1088 1086 1124 cf.
1107 1089 1307 1125 Ammian.
1326 1088 1355 1125 l.
1374 1101 1410 1125 c.

388 1158 442 1196 ib.
504 1157 686 1195 convenit
717 1157 838 1194 etiam
865 1155 1122 1204 tributorum,
1151 1160 1266 1192 antea
1283 1155 1458 1192 barbaris
1475 1155 1707 1204 solutorum,

269 1228 420 1254 cessare
437 1216 683 1266 pensionem.

379 1270 433 1307 ib.
457 1283 495 1307 v.
514 1272 554 1310 7.
613 1268 662 1305 de
682 1267 863 1304 Modesto
883 1265 964 1304 vid.
981 1267 1213 1318 Prosopogr.
1233 1279 1267 1304 c.
1285 1265 1368 1305 Th.

377 1325 432 1362 ib.
454 1339 494 1363 v.
516 1324 583 1366 15.
638 1324 689 1360 cf.
707 1324 906 1360 Ammian.
921 1325 975 1364 80
1003 1324 1044 1362 7.

379 1381 433 1418 ib.
458 1394 496 1418 v.
518 1382 583 1420 19.
642 1379 938 1418 Valentinianus
983 1390 1054 1414 seu
1101 1377 1337 1414 Valentinus
1375 1377 1539 1428 quidam
1580 1377 1709 1427 gravis

268 1436 469 1490 quondam
498 1448 629 1472 noxae
659 1434 866 1472 damnatus
897 1440 935 1470 et
965 1434 1007 1470 in
1036 1433 1296 1470 Britanniam
1322 1440 1452 1478 aetus,
1479 1433 1710 1485 priusquam

270 1500 407 1544 coepta
434 1498 657 1544 perageret,
690 1503 712 1527 a
742 1488 993 1536 Theodosio,
1024 1487 1075 1525 ad
1107 1488 1360 1526 barbarorum
1386 1490 1443 1526 ibi
1466 1490 1709 1528 incursiones

269 1549 500 1587 avertendas
523 1549 644 1585 misso
658 1576 670 1596 ,
705 1544 1009 1596 comprehensus
1029 1551 1068 1582 et
1087 1545 1278 1596 supplicio
1298 1545 1461 1582 affectus
1481 1552 1552 1582 est.
1609 1546 1709 1582 Am-

268 1607 389 1643 mian.
414 1607 468 1646 28
499 1607 538 1644 3.

379 1674 420 1712 p.
442 1661 520 1701 187
539 1672 579 1695 v.
598 1656 639 1699 4.
697 1657 905 1694 Gratianus
925 1667 1013 1694 non‘
1028 1662 1188 1708 accepta
1210 1662 1321 1706 ante,
1352 1661 1398 1694 ut
1415 1667 1504 1694 mos
1527 1655 1710 1709 antiquus

271 1723 377 1765 erat,
407 1715 583 1753 Caesaris
604 1712 794 1764 dignitate
812 1714 1026 1764 imperator
1044 1711 1170 1750 dictus
1193 1719 1265 1750 est.
1415 1709 1421 1716 ⁴

381 1772 445 1813 ib..-
457 1786 496 1809 τ.
516 1771 557 1812 5.
614 1770 869 1807 Ammianus:
896 1768 1034 1806 adulto
1051 1770 1134 1805 iam
1146 1769 1335 1819 primum.
1384 1773 1510 1806 aetate
1527 1774 1615 1806 octo
1635 1780 1709 1806 an·

269 1841 410 1866 norum
429 1828 518 1865 fuit.
1432 1829 1435 1832 “

385 1883 439 1920 ib.
461 1897 500 1922 v.
524 1880 588 1924 14.
646 1878 738 1918 data
758 1879 828 1917 lex
845 1879 901 1917 ibi
918 1880 970 1921 19
986 1877 1036 1918 de
1055 1880 1174 1931 episc.
1230 1877 1311 1918 vid.
1333 1885 1372 1917 et
1387 1880 1417 1917 1.
1437 1881 1490 1920 63
1509 1877 1559 1916 de
1575 1877 1710 1919 decur-

274 1940 418 1976 Ritter.

385 1993 440 2031 ib.
461 2006 500 2030 v.
518 1994 585 2032 16.
640 1992 770 2029 Persis
780 1991 1009 2029 Armeniam
1026 1989 1211 2028 invadere
1229 1989 1354 2028 avidis
1369 1990 1709 2041 imperatorArin-

273 2048 365 2087 theo
399 2049 496 2086 duce
527 2049 658 2098 copias
687 2053 934 2098 opposuerat.
989 2048 1132 2084 Persae
1167 2053 1429 2097 opportunum
1463 2045 1710 2098 exsequendi

274 2106 427 2143 consilii
444 2112 598 2154 tempus
614 2104 718 2139 nacti
730 2132 739 2149 ,
771 2116 860 2139 cum
878 2104 1076 2139 Romanos
1095 2103 1248 2153 quietos
1268 2109 1306 2139 et
1324 2115 1347 2139 a
1367 2101 1618 2139 dimicatione
1636 2103 1710 2139 ab-

273 2163 462 2199 stinentes
477 2159 670 2197 hostiliter
686 2157 812 2195 adorti
829 2164 971 2206 essent,
999 2170 1143 2208 magua
1161 2156 1271 2194 clade
1285 2158 1364 2195 fusi
1381 2158 1583 2210 fugatique
1602 2164 1708 2196 sunt.

272 2219 472 2255 Ammian.
497 2218 550 2255 27
580 2216 644 2256 12.
704 2215 754 2251 cf.
775 2213 972 2251 Themist.
994 2227 1050 2251 or.
1077 2217 1140 2254 11.

382 2272 435 2310 ib.
459 2285 499 2309 v.
523 2272 588 2311 19.
644 2268 847 2307 Theodori
879 2268 1095 2307 secundum
1120 2269 1223 2306 inter
1249 2268 1422 2306 notarios
1450 2266 1619 2320 gradum
1645 2275 1708 2306 te-

272 2330 401 2367 nentis
422 2339 551 2365 mores
569 2324 774 2363 adumbrat
794 2327 992 2362 Ammian.
1014 2327 1068 2365 29
1100 2327 1138 2364 1.

383 2383 437 2422 ib.
459 2397 498 2421 v.
515 2385 583 2424 22.
639 2383 769 2418 variae
799 2387 838 2417 et
868 2380 1132 2431 discrepantes
1159 2391 1221 2416 res
1248 2377 1467 2416 traduntur.
1524 2380 1575 2417 cf.
1605 2380 1706 2417 Am-

270 2441 392 2477 mian-
418 2442 471 2481 29
504 2440 542 2478 1.
598 2436 646 2474 de
671 2437 892 2487 praestigiis
915 2449 995 2473 non
1018 2437 1145 2486 magis
1167 2436 1347 2472 convenit
1366 2436 1469 2472 inter
1486 2437 1708 2485 scriptores.

272 2497 506 2533 Ammianus
517 2495 544 2531 l.
557 2506 590 2530 c.
607 2506 691 2531 rem
709 2491 755 2529 de
772 2492 952 2528 mensula
969 2492 1141 2542 explicat
1158 2497 1196 2527 et
1213 2490 1332 2526 simul
1347 2487 1708 2543 τραπεζομαντικήν

273 2551 471 2588 describit.
529 2548 635 2601 quod
666 2547 717 2585 ad
747 2548 919 2599 reliquos
950 2549 1106 2594 attinet,
1134 2547 1177 2582 in
1204 2544 1357 2595 tripode
1391 2547 1586 2596 conspirat
1614 2559 1706 2583 cum

273 2609 432 2644 Zosimo
462 2607 702 2644 Sozomenus
731 2606 756 2644 6
785 2603 860 2651 35,
894 2603 1003 2640 cuius
1033 2603 1152 2639 verba
1181 2607 1386 2638 annotasse
1415 2602 1604 2649 sufficiat,
1635 2601 1705 2653 qui

275 2664 439 2712 gentiles
474 2659 729 2713 philosophos
762 2659 844 2696 fere
871 2671 1009 2695 omnes
1040 2671 1086 2695 eo
1113 2665 1290 2707 tempore
1321 2657 1458 2707 capitis
1486 2657 1706 2708 periculum

275 2717 418 2757 adiisse
437 2724 569 2756 narrat
588 2716 816 2768 contagione
836 2714 1009 2754 criminis
1029 2726 1081 2752 ex
1097 2714 1261 2765 magicis
1283 2713 1429 2752 artibus
1449 2711 1569 2752 ducti.
1598 2710 1706 2766 quod
