1774 3002
259 100 345 132 xxx
801 89 1162 135 REITEMEIERI

256 214 443 250 mitatum
468 209 652 263 deinceps
671 212 850 250 omnium
869 213 1022 251 semina
1040 213 1154 262 iecit,
1183 211 1294 266 quod
1311 226 1465 266 parum·
1478 213 1703 268 &imperii

212 322 215 333 ·‚
259 282 468 319 ‘secui-itate
493 279 684 318 sollicitus
709 280 881 329 milites,
919 281 1064 334 quibus
1087 282 1296 319 colmnissa
1320 281 1460 320 finium
1484 296 1578 321 aura
1605 291 1707 333 erat,

65 1517 100 1550 p.
126 1515 217 1538 xxm

257 344 439 386 avocatos
457 361 529 399 per
546 347 921 386 mediterraneamm
937 350 1228 401 provinciarum
1244 349 1362 388 urbes
1380 349 1648 402 dissipaverat.
1662 351 1702 403 ¹)

255 408 352 453 nam'
378 411 462 453 ista'
483 417 729 467 imperatoris
757 416 1023 469 imprudentia
1048 431 1131 456 non
1158 417 1278 456 modo
1300 417 1482 456 barbaris·
1501 419 1702 458 liban-iones

253 498 326 535 per
351 485 497 522 fimites
526 483 721 534 praesidio
745 483 873 523 nudos
894 486 1296 534 excursiones-erant,
1320 483 1406 523 ›sed-
1416 486 1563 525 milites
1581 487 1701 524 etiam

253 553 433 600 urbium,
466 565 563 604 quas
579 550 756 591 custodia
771 553 882 589 nulla
900 559 1062 604 egentes
1077 552 1320 603 insidebant,
1350 551 1503 592 deliciis
1521 561 1562 592 et
1577 555 1700 605 luxu-

252 620 319 657 riis
342 620 455 656 fracti
480 614 503 656 a
528 618 758 670 disciplinae
781 621 988 658 severitate
1021 619 1304 661 desciscebant.
1359 622 1534 659 militum
1558 634 1700 660 corm-

250 684 368 738 ptelis
401 694 440 724 et
467 687 650 724 licentiae
681 685 959 726 Constantinus
987 689 1066 727 alio
1091 690 1211 726 etiam
1233 689 1412 727 instituto
1436 690 1700 727 accessionem

251 755 402 803 attulit,
447 766 537 791 cum
569 751 1054 807 numera-‘praefectorum
1080 758 1266 808 praetorii
1301 764 1414 795 aucto
1444 763 1484 796 et
1507 763 1700 809 potestate

251 815 383 859 rerum
408 829 449 860 et
472 823 649 860 civilium
684 830 723 861 et
750 825 1004 873 militarium,
1041 837 1142 877 quae
1160 830 1290 862 antea
1319 825 1501 876 copulata
1519 826 1563 863 in
1581 825 1699 863 unius

251 891 503 940 magistratus
532 883 654 927 mauu
679 891 827 941 fuerat,
861 893 969 930 inter
990 892 1123 944 plures
1150 890 1279 931 divisa
1306 899 1354 930 et·
1364 892 1601 941 imminuta,
1625 893 1700 929 *in*-

249 968 369 1008 super
398 957 608 1008 praefectis
642 961 835 1009 praetorio
862 960 906 996 in
928 961 1076 998 milites
1107 961 1170 998 ius
1194 972 1242 997 ac
1266 966 1504 1011 potestatem
1524 959 1699 998 ademit.

249 1031 432 1063 namen
472 1026 621 1062 factum
648 1022 707 1064 est
733 1033 779 1064 ut
807 1029 955 1066 milites
986 1025 1295 1066 reformidantes·
1319 1034 1435 1067 antea
1465 1027 1700 1078 praefectos,

250 1091 358 1144 quod
384 1091 428 1129 hi
460 1092 657 1143 stipendio
680 1107 759 1131 non
778 1093 869 1133 dato
886 1097 1027 1146 punire
1048 1108 1114 1133 eos
1135 1106 1181 1133 ac
1198 1108 1375 1133 coercere
1391 1101 1594 1147 poterant,
1622 1108 1700 1148 po-

250 1162 324 1198 sito
351 1165 463 1197 metu
491 1161 617 1198 solute
637 1169 676 1199 et
694 1163 861 1200 licenter
877 1169 1052 1214 agerent.
1070 1162 1130 1214 2)’
1177 1163 1294 1200 sicuti
1317 1169 1452 1200 autem
1474 1163 1701 1201 Constanti-

247 1241 323 1266 nus
345 1219 489 1266 afflicta
510 1242 552 1266 re
571 1230 734 1266 militari
752 1231 795 1267 in
814 1242 1015 1267 summum
1031 1242 1116 1267 rem
1133 1229 1334 1280 publicam
1352 1228 1576 1267 adduxerat
1589 1232 1700 1282 peri-

248 1285 403 1345 culum,
434 1298 489 1334 ita
518 1296 674 1333 tributis
705 1297 898 1346 gravibus*
923 1302 962 1334 et
993 1295 1045 1334 ad
1076 1298 1256 1334 omnimn
1280 1295 1465 1343 ordinum
1491 1297 1697 1350 omnisque

246 1378 367 1402 sexus
393 1364 619 1402 molestiam
645 1364 816 1402 inventis
847 1377 995 1402 vexare
1026 1365 1249 1415 provincias
1290 1365 1438 1414 caepit,
1477 1376 1582 1416 quaa
1610 1365 1698 1403 fisci

244 1419 427 1482 licentia,
474 1433 728 1470 exactionum
757 1432 988 1481 acerbitate,
1026 1433 1331 1482 magistratuum
1359 1433 1524 1470 avaritia
1555 1433 1698 1484 opibus

245 1502 471 1538 exinanitae
504 1499 556 1538 ad
589 1507 809 1538 extremam
836 1502 1015 1552 inopiam
1044 1498 1223 1536 redactae
1253 1505 1362 1537 sunt.·
1378 1497 1432 1551 ³)
1495 1497 1698 1539 addit=his

242 1570 426 1607 Zosimus
454 1566 617 1606 tandem
647 1567 724 1605 hoc
752 1581 934 1620 quoque,
963 1566 1082 1619 'quod
1105 1568 1320 1618 imperator
1346 1565 1563 1606 deserendo
1587 1580 1699 1606 sacra

240 1638 457 1685 maiorum,
499 1650 571 1687 per
608 1649 731 1688 quae,
771 1643 816 1673 ut
845 1637 1029 1674 Zosimus
1062 1647 1116 1672 ex
1144 1646 1391 1686 paganorum
1418 1637 1698 1688 superstitione

241 1707 380 1753 sentit,
411 1704 518 1741 salus
544 1710 584 1741 et
607 1704 765 1741 fortuna
790 1704 948 1755 imperii
967 1716 1039 1754 per
1058 1709 1116 1740 tot
1133 1702 1292 1740 saecula
1310 1708 1492 1755 steterat,
1516 1701 1567 1756 4)
1596 1702 1697 1742 ado-

239 1769 469 1823 ptandoque
503 1770 814 1810 Christianorum
846 1772 1099 1822 religionem,
1130 1767 1277 1823 ἄλογον
1305 1767 1621 1823 συγκατάθεσιν,
1643 1770 1696 1825 ⁶)

243 1838 409 1875 deorum
422 1839 596 1876 'tutelam
616 1852 640 1876 a
658 1840 848 1878 Romanis
867 1839 1119 1877 abalienavit.
1142 1838 1183 1889 ⁶)
1241 1840 1389 1877 omissa
1406 1851 1514 1877 nunc
1531 1845 1601 1878 aut
1615 1827 1698 1877 im}

242 1908 489 1958 pugnatione
515 1913 583 1944 aut
608 1909 863 1946 excusatione
892 1905 1010 1945 huius
1036 1907 1255 1958 opinionis,
1284 1904 1328 1943 id
1354 1911 1509 1948 tantum
1533 1918 1696 1957 monere

243 1975 381 2022 liceat,
424 1976 649 2023 Zosimum,
689 1976 764 2011 etsi
794 1988 876 2013 non
908 1976 1092 2023 omnino,
1122 1986 1224 2026 quae
1251 1985 1306 2010 ex
1330 1963 1695 2023 religionisnovae,

244 2043 376 2094 qualis
413 2049 500 2079 tum
531 2048 634 2090 erat,
666 2041 837 2093 adscitae
867 2045 1000 2094 pravis
1023 2042 1213 2080 institutis
1231 2038 1292 2078 ad
1317 2040 1518 2078 Romanos
1545 2039 1695 2079 reduna

244 2109 358 2158 dasse
377 2110 484 2146 mala
505 2111 767 2147 recentiorum
785 2110 988 2147 nonnullis
1006 2108 1213 2156 videntur,
1241 2106 1517 2147 animadversa
1537 2106 1694 2147 habue-

241 2179 315 2226 rit,
345 2178 524 2214 instituta
545 2184 680 2215 tamen
698 2175 983 2215 monachortun
995 2206 1004 2224 ‚
1034 2184 1078 2214 ut
1092 2178 1150 2214 rei
1166 2176 1348 2228 publicae
1372 2176 1540 2213 exitiosa
1559 2181 1605 2215 et'
1617 2188 1694 2213 ne-

240 2258 318 2297 que
352 2244 403 2281 ad
433 2245 618 2282 militiam
650 2259 781 2298 neque
811 2243 861 2282 ad
892 2245 1012 2281 aliam
1037 2258 1122 2282 rem
1149 2244 1285 2292 utilia,
1314 2241 1368 2280 ad
1392 2241 1577 2283 homines
1597 2249 1692 2286 vero

241 2313 382 2363 opibus
401 2313 558 2366 pietatis
575 2315 705 2365 specie
726 2311 953 2364 spoliandos
972 2313 1128 2363 egregie
1147 2313 1308 2349 inventa
1323 2311 1554 2362 improbare·
1569 2317 1609 2348 et
1626 2324 1693 2348 re-

238 2377 498 2431 prehendere.
519 2382 567 2431 7)
626 2380 734 2434 quod
751 2395 845 2420 vero
865 2381 986 2431 vulgo
1007 2379 1193 2428 credunt,
1227 2379 1428 2430 religionis
1448 2376 1691 2429 Chriztianae

240 2455 450 2500 praecepta
478 2451 650 2487 valuisse
678 2448 729 2486 ad
759 2447 1023 2487 debilitandos
1050 2449 1225 2487 militum
1253 2449 1406 2485 animos
1424 2448 1690 2497 virtutemque

327 2595 501 2637 1)234.
683 2593 851 2636 2)233.
960 2618 964 2623 .
1046 2592 1223 2636 3)238.
1346 2588 1688 2640 =-4)270t223.

237 2639 276 2680 5)
296 2640 320 2673 4
341 2641 397 2676 59.
601 2640 641 2682 6)
666 2639 711 2673 cf.
733 2637 757 2672 4
779 2639 825 2673 33
850 2641 886 2670 et.
907 2638 963 2672 37.
1167 2638 1207 2680 7)
1231 2635 1252 2669 5
1274 2635 1340 2678 23,
1363 2633 1424 2668 ubi
1447 2633 1619 2687 praeclare
1642 2638 1692 2666 ant

234 2684 389 2717 Zosimus
414 2687 596 2720 monachos·
620 2685 682 2720 sub
703 2688 903 2729 praetextu,
937 2683 1038 2728 quasi
1063 2693 1138 2715 cum
1154 2682 1363 2726 pauperibus
1380 2691 1446 2715 tua
1463 2689 1580 2715 onata
1597 2689 1689 2713 cora-

233 2731 467 2775 manicarent,
489 2744 606 2768 omnes
622 2731 670 2766 ad
687 2733 926 2776 paupertatem
947 2734 981 2764 et
999 2729 1150 2774 inopiam
1167 2727 1337 2773 redigere.
1393 2745 1398 2748 ·
