1812 3016
434 63 882 110 COMMENTARIUS
910 66 1264 112 HISTORICUS.
1481 67 1578 116 421

235 176 375 228 p.-821
397 188 439 215 v.
456 179 527 218 20.
583 176 635 214 cf.
654 177 911 215 Sozomenns.

236 256 280 296 p.
297 245 380 285 322
399 256 440 282 v.
463 246 501 284 1.
558 244 611 282 cf.
629 243 855 296 Frigeridus
874 256 939 296 ap.
959 243 1123 295 Gregor.
1142 245 1243 283 Tur.
1262 248 1290 287 2
1317 247 1359 287 9.

237 309 293 349 ib.
314 314 415 359 r.,2.
472 312 525 350 cf.
554 312 798 351 Sozomenus
820 313 846 352 9
877 312 955 360 133
985 311 1037 349 cf.
1054 311 1243 350 Sidonius
1263 313 1288 355 5
1309 326 1373 365 ep.
1394 316 1441 364 9,
1472 315 1572 353 Oro-

123 366 206 407 sius
233 370 262 410 7
291 366 362 410 42.

235 433 291 472 ih.
352 434 404 473 cf.
424 433 695 487 Olympiodor.
749 435 836 486 ipse
856 447 947 472 cum
964 434 1156 473 militibus
1177 443 1215 473 et
1235 436 1409 476 barbaris
1427 436 1571 476 adver-

122 503 192 530 sus
211 491 511 530 constantinum
528 491 727 543 profectus
740 498 814 530 est.
870 492 1029 529 Sozam.
1049 491 1241 543 Frigerid.

232 558 288 596 ib.
310 572 351 598 v.
366 557 408 600 4.
462 558 719 597 barbarorum
742 558 892 597 viribus
921 559 1050 610 impar
1076 560 1268 599 Constans
1285 573 1338 598 ex
1355 562 1568 613 Hispaniae

117 613 263 653 finibus
283 616 431 653 eiectus
451 621 525 653 est.

229 680 286 720 ib.
308 695 350 720 v.
368 685 409 724 6.
464 680 761 720 transrhenanis
778 681 864 719 istis
883 680 1058 720 barbaris
1079 684 1240 720 nomina
1255 691 1347 722 sunt
1362 682 1566 734 Vandalis,

118 737 278 787 Alanis,
306 738 447 777 Sueviz
468 752 502 776 ο.
523 741 564 779 3.
622 739 673 776 of.
695 738 851 776 Sozom.
870 737 899 774 l.
919 750 955 775 c.

228 804 285 843 ib.
308 819 349 844 v.
367 807 410 847 7.
441 828 444 830 -
465 812 595 844 metus
624 819 646 843 a
677 804 852 842 barbaris
878 804 1067 852 iniectus,
1095 818 1147 842 ne
1172 807 1272 842 mari
1295 808 1456 845 traiecto
1475 809 1567 845 Bri-

115 860 295 899 tmuium
311 868 489 913 peterent
508 875 554 899 ac
568 867 780 908 vastarent,
810 859 929 898 fidem
947 868 1099 898 mutare
1115 868 1154 897 et
1170 860 1335 899 deficere
1355 865 1565 902 Britannos

116 929 141 954 a
167 918 356 956 Romanis
385 921 514 970 coegit
543 919 604 970 (c.
626 917 695 968 3).
751 917 960 965 barbaros,
992 918 1060 968 qui
1088 916 1198 954 aditu
1222 921 1419 956 montium
1438 921 1564 970 Pyre-

113 985 305 1011 naeorum
337 975 585 1026 negligenter
613 971 805 1012 custodito
831 974 1134 1024 impressionem
1150 975 1192 1010 in
1212 975 1367 1012 Italiam
1390 976 1564 1014 fecerant

115 1028 352 1078 (Sozome'n.
384 1033 410 1072 9
441 1033 517 1079 12,
546 1028 738 1081 Frigerid.
766 1032 793 1070 2
822 1032 869 1077 2,
899 1030 1058 1067 Orosius
1087 1031 1114 1069 7
1144 1029 1246 1078 40),
1278 1029 1460 1069 adiunxit
1487 1032 1563 1069 sibi

112 1085 345 1135 Gerontius,
376 1100 467 1125 cum
494 1093 662 1140 tyranno
684 1086 863 1124 infensus
884 1086 1139 1123 Constantem
1159 1086 1217 1122 ibi
1238 1086 1342 1124 bello
1364 1088 1564 1138 fatigaret.

111 1141 384 1195 Olympiodor.

221 1209 278 1248 ib.
299 1223 340 1249 v.
359 1213 402 1252 9.
457 1210 507 1248 ab
537 1208 615 1248 hoc
642 1207 736 1247 inde
765 1216 944 1260 tempore
972 1209 1129 1246 barbari
1162 1211 1298 1261 populi
1323 1211 1561 1260 Britannias,

109 1265 262 1304 Gallias
280 1273 322 1304 et
340 1268 553 1318 Hispanias
571 1266 737 1318 imperio
756 1267 933 1304 Romano
953 1266 1108 1303 avulsas
1128 1274 1380 1317 occuparunt.
1438 1269 1499 1304 II.

221 1333 277 1372 ib.
298 1337 407 1377 v.22
425 1356 476 1362 —
494 1335 630 1386 p-328
646 1347 685 1370 v.
696 1334 737 1372 7.
796 1331 846 1370 de
862 1334 987 1370 Roma
1006 1346 1079 1384 per
1098 1332 1327 1370 Alarichum
1343 1335 1503 1372 obsessa
1520 1341 1559 1373 et

107 1391 241 1428 Attalo
264 1389 349 1438 vid..
374 1391 618 1444 Sozomenus
636 1392 663 1430 7
692 1391 743 1438 8,
776 1388 935 1427 Orosius
957 1391 983 1429 7
1012 1391 1067 1430 42
1083 1418 1092 1436 ,
1122 1387 1410 1440 Philostorgius
1438 1393 1487 1431 12
1515 1393 1558 1431 3.

215 1472 259 1510 p.
288 1461 370 1500 323
399 1471 438 1495 v,
466 1460 507 1499 8.
566 1457 616 1495 de
657 1456 733 1496 hoc
769 1458 903 1494 Attalo
931 1455 1023 1494 vide
1053 1457 1179 1493 multa
1212 1470 1276 1508 ap.
1312 1457 1476 1495 Godofr.
1506 1457 1558 1495 ad

103 1514 186 1566 leg.
207 1516 260 1556 11
292 1528 327 1552 o.
354 1512 437 1552 Th.
464 1513 514 1551 de
539 1513 694 1565 indulg.
722 1515 834 1551 crim.
863 1520 902 1550 et
931 1514 1099 1563 Pagium
1129 1515 1171 1550 in
1202 1515 1297 1551 Crit.
1326 1515 1472 1551 Baron.
1504 1513 1557 1552 ad

102 1582 140 1608 a.
160 1569 256 1611 410.
314 1571 459 1609 Ritter.

212 1637 269 1676 ib.
288 1651 328 1676 v.
350 1640 414 1678 17.
471 1636 640 1674 eandem
655 1637 920 1686 arrogantiam
932 1637 1055 1672 Attali
1075 1643 1113 1672 et
1131 1637 1344 1673 vanitatem
1364 1649 1437 1687 pro
1455 1636 1553 1674 viri-

101 1694 176 1732 bus
189 1695 340 1731 maiora
356 1692 571 1744 poIlIcendi
593 1693 813 1730 observavit
833 1693 1076 1729 Sozomeuus
1099 1694 1125 1731 9
1155 1694 1179 1732 8
1202 1699 1241 1729 et
1260 1694 1309 1732 9:
1339 1690 1387 1731 τὰ
1406 1689 1552 1743 πάτρια

99 1753 153 1818 τῇ
184 1746 387 1803 συγκλήτῳ
417 1745 609 1799 φυλάξειν
636 1748 705 1788 καὶ
724 1746 799 1800 τήν
818 1748 1025 1801 Αἴγυπτον
1046 1747 1114 1787 καὶ
1134 1750 1268 1788 πᾶσαν
1286 1763 1361 1800 την
1380 1745 1482 1800 πρός
1499 1747 1551 1788 ἕω

99 1802 366 1859 ἐρχομένην
337 1801 521 1856 υπήκοον
535 1801 693 1852 Ἰταλοῖς
710 1807 890 1855 ποιῆσαι.

210 1873 267 1911 ib.
289 1887 328 1912 v.
349 1874 418 1914 24.
476 1879 636 1923 gentem
657 1872 946 1909 nobilissimam
968 1872 1088 1909 sacris
1105 1872 1294 1908 Romanis
1313 1868 1489 1908 deditam
1508 1878 1547 1908 et

98 1943 207 1967 nunc
222 1931 388 1981 imperio
404 1931 448 1966 in
468 1930 659 1980 gentilem
676 1926 880 1966 hominem
898 1927 1028 1964 delato
1049 1935 1305 1978 maerentem.
1363 1929 1546 1964 Ammia-

97 1998 173 2024 nus
196 1987 250 2027 16
277 1989 327 2027 9:
360 1999 528 2037 quorum
552 1985 611 2022 ad
633 1999 679 2022 a»
681 1998 800 2022 vrum
826 1984 1129 2021 aemulationem
1151 1985 1360 2034 posteritas
1386 1983 1545 2020 tendens

97 2044 238 2079 satz‘czn‘
260 2056 470 2094 nunquam
491 2043 623 2092 potuit
647 2055 738 2078 cum
749 2042 991 2091 possessione
1008 2040 1132 2077 multo
1150 2041 1309 2076 maiore.
1370 2040 1421 2076 cf.
1444 2040 1543 2076 Cas-

96 2097 243 2136 siodor.
269 2101 322 2140 10
353 2112 416 2149 ep.
446 2101 522 2146 11,
551 2098 784 2135 Tillemont.
817 2105 847 2134 t.
866 2097 891 2137 5
921 2110 963 2147 Ρ
982 2095 1061 2144 43,
1090 2097 1258 2133 Gibbon.
1278 2103 1308 2132 t.
1330 2099 1354 2136 3
1382 2109 1423 2145 p.
1446 2096 1540 2134 197

95 2154 275 2193 Riuems
288 2155 455 2192 lectores
474 2153 659 2191 amandat
676 2153 728 2190 ad
746 2154 1013 2191 Alemannum
1030 2151 1080 2190 ad
1095 2154 1262 2203 Procop.
1281 2150 1498 2189 Anecdota.

203 2234 247 2272 p.
268 2221 350 2263 324
367 2235 407 2259 v.
428 2224 468 2262 3.
526 2222 577 2258 cf.
599 2222 756 2259 Sozom.
774 2223 800 2261 9
829 2223 871 2261 8.

204 2287 258 2325 ib.
281 2301 321 2325 v.
338 2288 379 2329 5.
436 2289 710 2327 Heraclianus
737 2301 869 2325 comes
892 2288 1050 2325 Africae
1068 2286 1162 2324 inde
1182 2287 1230 2324 ab
1251 2300 1286 2323 a.
1306 2284 1387 2326 408
1400 2314 1411 2332 ‚
1442 2296 1539 2320 con-

92 2344 157 2381 sul
184 2346 429 2383 renuntiatus
455 2358 493 2384 a.
514 2344 595 2386 413
609 2374 619 2391 ‚
649 2343 720 2382 sed
739 2345 788 2380 ab
807 2345 980 2381 Honorio
1001 2344 1264 2381 defectionem
1276 2342 1445 2378 moliens
1467 2352 1537 2376 eo-

91 2398 187 2436 dem
205 2413 323 2437 anno.
378 2414 419 2438 v.
440 2400 490 2438 de
511 2414 557 2438 eo
573 2401 806 2438 Tillemont.
826 2402 869 2438 in
887 2402 1060 2438 Honorio
1078 2408 1151 2438 art.
1173 2401 1241 2440 50.
1299 2398 1358 2433 II.

203 2466 260 2504 ib.
282 2481 321 2504 v.
340 2469 408 2507 11.
465 2467 515 2506 de
544 2468 796 2520 expeditione
818 2467 996 2507 Alarichi
1020 2467 1207 2506 adversus
1234 2465 1455 2503 Honorium
1480 2463 1532 2500 cf.

91 2522 395 2574 olympiodorus
418 2531 458 2562 et
479 2526 723 2563 Sozomenus
746 2527 772 2566 9
799 2527 841 2566 8.

202 2589 402 2632 ih.v.17.
458 2592 668 2642 legationis
686 2605 732 2629 ac
745 2591 979 2644 proditionis
996 2591 1117 2636 Iovii,
1147 2601 1170 2624 a
1185 2589 1345 2625 Zosimo
1361 2587 1529 2634 turbata,

91 2644 149 2681 sic
178 2658 221 2682 se
249 2645 421 2684 habebat
445 2650 558 2686 ratio.
614 2650 747 2686 Iovius
774 2650 823 2686 ab
851 2651 1088 2699 imperatore
1117 2652 1206 2682 aute
1231 2645 1283 2683 ad
1301 2641 1531 2682 Alarichum

90 2700 300 2739 tentandae
327 2705 436 2755 pacis
464 2717 580 2743 causa
604 2706 769 2755 missus,
797 2712 837 2743 et
856 2704 1149 2743 condicionibus
1167 2700 1381 2755 repudiatis
1404 2698 1531 2736 redire
