1812 3016
238 87 335 136 382
777 86 1138 141 REITEMEmm

346 210 386 249 p.
409 197 490 240 180
506 209 546 235 v·
570 196 637 239 14.
693 194 746 235 ad
771 194 845 235 hos
868 196 1051 249 Procopii
1072 208 1274 235 successus
1292 195 1519 235 referendus
1539 198 1675 234 Euna-

237 254 294 306 pii
322 254 432 292 locus
460 255 537 292 Vit.
563 250 687 305 Soph.
714 267 755 304 p.
787 253 866 295 105
889 266 949 305 sq.
1005 266 1103 291 mox
1127 252 1296 304 Scythae
1317 251 1369 290 ad
1389 255 1532 293 Istrum
1554 252 1678 291 Gothi

237 316 348 360 sunt,
378 317 417 348 et
435 308 597 363 quidem
613 322 666 347 ex
684 308 912 360 Visigothis.
943 309 994 347 cf.
1017 308 1259 358 Theodoret.
1278 307 1306 350 4
1335 309 1403 349 11.
1457 310 1518 347 H.

346 365 400 404 ib.
427 379 466 404 v.
490 368 559 407 21.
615 364 948 415 Athenai-iollam,
978 363 1122 413 παντὸς
1147 367 1220 405 τοῦ
1245 365 1444 417 βασιλείου
1469 367 1548 406 τῶν
1569 367 1678 404 Σκυ-

236 424 329 462 &dv
365 419 535 474 ἄρχοντα
575 422 747 473 (Zosim.
779 420 806 461 4
834 420 912 472 34)
953 428 993 459 et
1021 422 1069 459 ab
1098 421 1308 459 Ammiano
1350 420 1430 472 (27
1456 419 1510 472 5)
1556 420 1678 458 Ther-

236 480 447 529 vingorum
475 477 644 515 iudicem
676 478 938 529 appellatum,
967 491 1039 529 per
1057 491 1187 528 regem
1210 476 1465 527 Scytlzamm‚
1493 489 1584 525 cnm
1602 475 1680 514 hoc

237 534 326 573 loco
345 541 431 571 tum
450 534 491 571 in
506 536 713 584 Excerptis
735 534 926 584 Eunapii,
957 547 1076 585 quem
1100 540 1233 571 noster
1255 534 1452 584 sequitur,
1483 531 1680 583 designari

239 589 456 638 credimus,
487 589 808 642 quandoquidem
826 591 909 628 eius
925 591 1148 626 maximum
1163 591 1264 626 inter
1283 596 1420 639 gentes
1444 587 1680 640 Scytharum

238 659 385 684 nomen
411 653 531 694 esset,
562 652 601 683 et
627 652 808 698 quattuor
837 647 919 683 eius
947 647 1113 696 imperio
1142 652 1324 696 parerent
1348 657 1460 695 reges
1489 646 1679 695 (Eutrop-

241 703 295 752 18
322 706 363 744 2.
414 703 463 740 cf.
483 702 682 739 Ammian.
703 703 733 739 l.
753 700 830 751 c.).
887 714 1016 754 neque
1036 709 1169 739 tamen
1187 702 1293 740 solus
1310 701 1387 738 fuit
1405 701 1474 753 qui
1490 700 1680 751 Procopio

242 760 391 795 auxilia
407 759 515 795 misit
544 757 769 809 (Ammian.
788 758 841 798 26
872 757 966 808 10).
1634 758 1650 772 “

352 813 407 852 ib.
469 812 687 851 Gothorum
708 814 787 849 tria
805 812 918 849 milia
933 813 1082 850 auxilio
1098 812 1232 850 missa.
1288 811 1487 850 Ammian.
1507 811 1536 848 1.
1556 823 1591 848 c.

353 883 393 921 p.
415 870 494 910 181
517 883 554 907 v.
573 869 613 910 5.
672 882 717 907 eo
743 881 869 920 usque
888 870 970 906 iam
988 868 1250 919 desponderat
1268 869 1463 916 animum,
1492 873 1537 905 ut
1555 878 1683 917 augu-

243 931 324 964 stos
342 926 508 963 amictus
529 926 697 963 abiicere
717 926 916 975 cogitaret.
972 926 1172 963 Ammian.
1195 927 1248 966 27
1276 926 1319 965 7.

354 981 408 1018 ib.
470 995 516 1019 eo
537 989 713 1032 tempore
739 994 817 1033 quo
839 980 978 1019 seditio
999 981 1180 1032 Procopii
1205 981 1383 1030 nuntiata
1411 986 1494 1027 est,
1522 979 1683 1026 Arbetio

243 1035 351 1089 apud
376 1039 656 1089 imperatorem
679 1050 759 1074 non
787 1044 942 1088 praesto
971 1037 1093 1075 fuisse
1116 1035 1293 1084 videtur,
1317 1037 1410 1088 quia
1429 1035 1575 1074 Valens
1594 1045 1685 1072 eum

243 1093 477 1131 iamdudum
502 1096 544 1131 in
571 1095 650 1131 otio
675 1094 875 1133 viventem
893 1092 944 1130 ad
963 1107 1004 1131 se
1024 1100 1066 1130 ut
1086 1094 1238 1130 veniret
1254 1091 1430 1129 hortatus
1451 1098 1551 1139 erat,
1580 1097 1625 1128 ut
1644 1091 1686 1137 in

244 1163 334 1187 suas
353 1157 483 1201 partes
500 1156 691 1201 pertracto
708 1150 793 1187 viro
810 1161 955 1200 magno
973 1151 1054 1186 iam
1072 1155 1167 1186 natu
1187 1154 1226 1186 et
1244 1146 1433 1198 dignitate
1449 1146 1687 1185 honoribus-

243 1219 322 1258 que
341 1208 571 1257 conspicuo‚
602 1206 804 1256 Procopii,
833 1205 956 1243 filiam
978 1203 1221 1243 ostendendo
1242 1205 1458 1242 Constantii
1473 1203 1618 1242 multos
1635 1199 1687 1239 ad

243 1275 287 1300 se
310 1261 524 1310 trahentis,
554 1268 656 1299 artes
679 1268 881 1299 everteret.

355 1318 409 1355 ib.
436 1331 475 1355 v.
498 1320 538 1358 9.
595 1318 756 1355 Zosimo
787 1316 1058 1354 auctoritatem
1086 1316 1289 1353 Ammiani
1315 1315 1593 1366 praeferimus,
1624 1311 1688 1350 di-

245 1374 367 1410 centis
399 1374 721 1411 Valentinianum
745 1373 895 1423 perlato
915 1371 966 1408 ad
985 1385 1075 1408 eum
1099 1371 1323 1408 rebellionis
1343 1372 1491 1408 incerto
1518 1382 1687 1417 rumore,

244 1431 433 1481 quoniam
449 1428 498 1466 de
516 1430 598 1466 vita
618 1429 750 1466 fratris
768 1429 810 1465 in
830 1426 948 1466 dubio
963 1426 1170 1475 haerebat,
1201 1425 1448 1464 contendisse
1467 1424 1630 1478 quidem
1646 1426 1689 1462 in

245 1487 467 1533 Orientem,
495 1492 540 1522 ut
563 1485 675 1522 fratri
696 1490 955 1532 succurreret,
983 1484 1127 1520 iniecto
1158 1489 1292 1520 autem
1318 1489 1427 1529 metu
1453 1495 1505 1519 ne
1536 1482 1689 1519 Galliae

244 1554 318 1592 per
341 1542 465 1592 ipsius
487 1546 525 1577 et
544 1541 738 1578 exercitus
764 1540 1048 1591 profectionem
1069 1537 1266 1590 praesidio
1285 1537 1417 1583 nudae
1435 1538 1590 1575 barbari
1610 1539 1690 1573 im·

246 1599 442 1654 minentes
467 1594 627 1635 hostilia
653 1597 915 1647 susciperent,
946 1596 1079 1647 priore,
1101 1595 1263 1633 consilio
1279 1596 1400 1633 misso
1417 1594 1461 1631 in
1481 1587 1690 1632 Occidente

249 1667 292 1692 se
315 1654 568 1691 continuisse.
1011 1662 1017 1668 “

361 1708 415 1746 ib.
440 1722 479 1746 v.
502 1709 568 1749 13.
624 1707 838 1744 narrationi
864 1706 1028 1744 obscura
1052 1706 1127 1744 lux
1155 1718 1209 1744 ex
1234 1705 1444 1743 Ammiano
1475 1702 1692 1742 affunditur

249 1767 304 1808 26
333 1766 383 1805 9:
419 1765 654 1802 Gomoarius
677 1762 748 1800 ubi
777 1770 1016 1813 compertum
1043 1762 1185 1799 habuit
1211 1768 1363 1814 quanta
1388 1760 1556 1798 Arbetio
1579 1759 1695 1810 apud

251 1820 396 1858 milites
422 1821 572 1858 valeret
597 1820 845 1865 auctoritate,
879 1819 938 1855 ad
960 1825 1091 1856 castra
1117 1818 1380 1869 imperatorie,
1405 1817 1693 1867 oPportunitate

251 1877 454 1914 intervalli
467 1877 659 1926 proximi,
685 1876 835 1925 captivi
850 1874 975 1912 colore
991 1874 1203 1921 transibat,
1231 1873 1355 1912 veluti
1369 1887 1537 1911 accursu
1555 1872 1692 1910 multi-

253 1932 402 1970 tudini-5·
420 1933 528 1968 visae
544 1931 670 1968 subito
689 1932 979 1980 circumseptus.

362 1986 416 2024 ib.
444 2000 483 2025 v.
512 1989 580 2029 17.
635 1994 734 2024 teste
760 1988 972 2024 Ammiano
1000 1987 1054 2027 26
1080 1988 1109 2033 >9
1138 1997 1162 2023 a
1194 1983 1399 2036 Thyatiris
1426 1981 1571 2022 Sardes
1597 1995 1694 2034 pro·-

254 2056 410 2093 gressus
436 2044 580 2081 Valens
603 2043 645 2079 in
675 2041 891 2093 Phrygiam
920 2040 1142 2088 contendit,
1171 2041 1261 2088 ubi,
1291 2053 1382 2077 cum
1412 2038 1462 2076 ad
1489 2039 1694 2077 Nacoliam

253 2099 517 2147 dimicaretur,
545 2111 625 2135 non
644 2099 875 2135 Gomoarius
904 2097 1015 2149 (nam
1032 2098 1066 2138 is
1086 2103 1176 2133 ante
1193 2097 1273 2132 iam
1291 2096 1465 2134 Valentis
1484 2096 1694 2146 amplexus

252 2162 335 2192 erat
354 2162 498 2206 partes,
523 2167 557 2191 c.
578 2153 648 2204 7),
678 2153 749 2191 sed
770 2155 886 2204 Agilo
907 2153 1013 2201 dux,
1042 2165 1162 2204 quem
1177 2151 1399 2203 Haplonem
1419 2152 1601 2189 Zosimus
1619 2163 1694 2190 vo-

255 2218 338 2259 cat,
368 2211 572 2262 repentino
594 2222 678 2246 rem
698 2209 872 2259 prodidit
889 2222 1071 2247 excursu.

364 2266 419 2304 ib.
443 2279 482 2304 v.
503 2267 569 2306 19.
625 2266 886 2311 Hormidac,
910 2272 1064 2302 maturo
1092 2263 1226 2301 iuveni
1250 2270 1288 2300 et
1312 2264 1444 2313 regiae
1471 2264 1604 2313 stirpis
1628 2275 1694 2299 so-

255 2322 351 2370 boli,
380 2329 493 2360 tanta
511 2321 605 2372 suit
628 2328 803 2371 potestas
815 2320 1065 2371 proconsulis
1081 2320 1304 2364 commissa,
1333 2326 1379 2355 ut
1397 2332 1502 2356 more
1523 2326 1695 2356 veterum

253 2392 314 2415 res
333 2392 423 2416 cam
445 2378 580 2415 civiles
596 2384 682 2414 tum
701 2377 890 2414 militares
910 2377 1216 2414 administraret.
1275 2375 1476 2412 Ammian.
1497 2377 1552 2418 26
1580 2376 1622 2414 8.

364 2448 406 2486 p.
428 2435 509 2481 182
526 2446 566 2471 v.
583 2435 624 2474 9.
679 2433 765 2483 ipse
789 2445 880 2469 cum
899 2432 1017 2483 fugae
1035 2432 1170 2479 sociis,
1202 2431 1270 2482 qui
1297 2431 1462 2474 vinculis
1483 2442 1574 2467 eum
1590 2429 1694 2480 liga-

256 2497 343 2528 tum
362 2490 414 2528 ad
430 2492 707 2541 imperatorem
729 2487 924 2532 duxerant
936 2517 947 2537 ‚
980 2489 1130 2532 cervice
1160 2486 1330 2524 abscissa
1350 2486 1601 2526 obtruncatus
1619 2491 1694 2523 est.

259 2548 459 2584 Ammian.
1670 2575 1673 2578 ,

370 2601 425 2639 ib.
448 2615 488 2639 v.
508 2602 574 2642 10.
631 2601 831 2638 Protector
858 2598 1080 2644 Marcellus
1110 2597 1219 2635 urbis
1251 2596 1429 2633 Nicaeae
1444 2595 1694 2646 praesidium

260 2671 401 2708 agens,
430 2671 527 2695 casu
551 2656 915 2706 Procopii-cognito
940 2655 1217 2706 interfectoque
1235 2653 1465 2698 Sereniano,
1491 2651 1696 2702 confestim

267 2714 548 2751 Chalc-edonem
579 2713 781 2764 prosectu-r
806 2711 1020 2763 funestum
1047 2710 1255 2760 imperium
1278 2709 1437 2747 invasit.
1497 2713 1697 2757 correpta-⁹
