1812 3016
420 80 857 127 COMMENTARIUS
882 79 1236 125 ms‘romcvs,
1449 79 1546 127 395

111 191 261 245 pinque
284 191 416 230 verius
442 189 740 244 comperiendae
765 190 878 242 copia
902 190 1045 239 fuerit,
1072 189 1171 228 fides
1187 188 1368 227 habenda
1387 191 1548 241 potissi-

114 259 238 286 mum.
291 260 423 300 neque
446 249 597 286 Zosimi
623 248 754 286 verbis
783 244 1029 294 emendatio,
1058 259 1181 298 quam
1209 248 1411 298 proposuit
1437 246 1486 283 de
1506 245 1550 283 la

114 303 255 341 Bastia
273 302 412 354 (uem.
430 302 480 341 de
495 304 523 341 l'
525 302 648 344 Acad.
665 302 735 341 des
753 305 874 340 Inscr.
888 309 921 340 t.
940 302 991 344 15
1008 315 1049 353 p.
1066 302 1153 353 81),
1187 309 1229 339 ut
1244 302 1288 342 ἐν
1302 298 1550 355 Λουγδοόνφ

113 371 188 411 pro
206 358 432 415 Σιγιδούνφ
447 360 656 407 scribatur,
685 361 759 397 etsi
778 371 925 410 pronus
944 360 987 395 in
1006 360 1092 396 istis
1109 358 1335 395 nominibus
1355 358 1489 409 lapsus
1512 364 1552 395 et

114 428 141 452 a
160 415 375 453 scribarum
391 417 594 453 oscitantia
614 413 723 452 haud
742 415 895 452 alienus
915 414 1094 462 videtur,
1123 415 1247 451 ullam
1267 413 1405 451 afferre
1425 419 1555 465 potest

113 469 337 519 medelam,
368 473 460 523 quia
480 471 576 522 fuga
595 483 667 521 per
685 469 896 508 Rhaetiam
914 472 1100 508 Noricum
1118 471 1366 508 Pannoniam
1383 477 1422 508 et
1439 471 1553 508 Moe-

114 527 216 565 siam
231 527 336 564 facta
354 527 561 565 manifeste
581 534 786 578 repugnet.

225 595 267 633 p.
289 584 370 624 216
394 595 433 620 v.
456 584 494 623 1.
549 581 631 619 vid.
660 581 712 619 ad
736 581 813 620 hoc
842 589 959 633 caput
988 583 1068 634 leg.
1091 584 1118 623 7
1152 594 1187 619 c.
1214 579 1295 619 Th.
1321 580 1371 618 de
1390 582 1466 618 ins.
1490 579 1555 618 his

116 649 218 690 quae
245 637 318 675 sub
343 639 535 688 tyrannis.
564 638 707 675 Ruta.
764 639 879 690 plura
897 640 938 675 in
958 636 1034 676 hoc
1054 638 1180 688 capite
1202 636 1357 675 indocte
1376 637 1425 674 «le
1444 638 1556 674 Pon-

117 692 268 741 tficum
286 694 438 744 origine
460 701 498 731 et
521 693 737 732 sacerdotio
763 693 906 732 tradita
925 701 1038 743 sunt3
1068 695 1213 731 intacta
1233 707 1255 730 a
1274 694 1323 731 cl.
1345 694 1557 743 interprete

110 748 270 796 relicta,
298 751 410 801 quia,
439 756 558 801 puto,
585 751 628 787 in
646 750 780 787 oculos
799 752 1016 787 incurrunt.
1057 756 1229 787 ceterum
1247 749 1296 786 de
1313 749 1558 797 Pontfieatn

115 806 287 842 maximo
316 806 595 861 hapa-aterum
621 806 748 843 multa
773 813 864 843 sunt
888 805 1097 856 disputata.
1154 818 1193 843 v.
1213 806 1312 855 Pagi
1334 804 1384 842 ad
1407 818 1442 842 a.
1459 806 1556 845 312-

115 861 225 898 Bosii
250 861 354 899 Diss.
374 862 416 898 in
438 868 468 898 t.
488 861 514 902 5
536 859 660 899 Thes.
680 862 821 899 Graev.
846 868 884 899 et
904 862 955 899 al.
1012 867 1167 912 praeter
1189 874 1356 898 numum
1382 862 1424 897 in
1451 861 1557 897 notis

114 914 220 953 adv.
231 918 285 958 22
302 930 324 954 e
336 914 578 968 Spanhemio
592 924 770 955 notatum
787 924 917 955 exstat
938 930 1039 955 uuus
1057 923 1095 954 et
1115 917 1214 953 alter
1234 930 1322 953 cum
1341 914 1555 966 epigraphe

115 972 229 1009 EM.
247 984 311 1022 ap.
329 971 502 1010 Bandur.
522 974 716 1011 Numism.
736 980 765 1011 t.
776 976 803 1015 2
822 987 863 1024 p.
876 973 970 1020 246,
986 973 1066 1014 247
1082 971 1172 1009 add.
1186 985 1226 1023 p.
1239 974 1320 1013 298
1332 973 1406 1009 col.
1419 974 1459 1012 2.
1488 972 1549 1007 li.

226 1025 281 1063 ib.
305 1040 347 1066 v.
369 1032 435 1070 11.
491 1029 612 1065 aliam
641 1029 923 1080 etymologiam
949 1027 1107 1066 tradunt
1133 1029 1345 1079 Dionysius
1375 1028 1554 1064 Halicar-

115 1095 279 1120 nasseus
305 1085 332 1123 2
363 1086 442 1125 132
471 1091 510 1121 et
536 1085 658 1122 Varro
687 1084 736 1122 de
764 1086 792 1122 l.
813 1086 844 1122 l.
866 1085 915 1132 4,
945 1097 998 1122 ex
1022 1097 1068 1122 eo
1092 1085 1293 1135 pontifices
1313 1083 1435 1121 dictos
1454 1096 1554 1131 esse,

116 1138 224 1189 quod
250 1136 303 1174 ab
326 1139 377 1176 iis
403 1138 593 1177 sublicius
612 1154 718 1190 pons
739 1140 929 1191 etfactus
944 1141 1122 1190 primum
1147 1147 1183 1176 et
1202 1141 1402 1176 restitutus
1421 1152 1555 1189 saepe,

115 1207 207 1230 cum
232 1206 347 1230 sam-a
376 1201 413 1230 et
435 1195 501 1232 uls
522 1203 559 1232 et
581 1198 637 1233 cis
666 1195 837 1233 Tiberim
855 1210 934 1233 non
952 1197 1191 1233 mediocriter
1205 1196 1363 1244 fierent.
1423 1196 1556 1246 itaque

115 1250 151 1287 si
182 1249 347 1287 verbum
376 1251 496 1288 verbo
532 1250 776 1288 reddendum
821 1259 901 1300 est,
933 1252 1134 1303 pontifices
1164 1259 1254 1289 sunt
1282 1251 1555 1303 γεφυροποιοί.

120 1303 308 1371 Stylburg.
367 1305 472 1344 unde
490 1308 671 1362 Zosimus
687 1321 786 1344 vana
804 1306 905 1344 haec
922 1314 960 1345 et
977 1306 1144 1345 absurda
1163 1306 1212 1344 de
1232 1307 1457 1358 pontificum
1474 1307 1556 1343 ori-

115 1362 208 1412 gine
226 1358 411 1409 hauserit,
434 1359 551 1400 nemo
574 1363 732 1400 dixerit.
775 1365 988 1401 simulacra
1006 1365 1140 1429 prima·
1151 1365 1193 1400 in
1209 1362 1418 1400 Thessalia
1436 1363 1558 1399 fuisse

116 1415 315 1464 confecta,
343 1415 551 1455 hominum
567 1419 730 1456 fortasse
747 1421 901 1456 exstitit
919 1420 1051 1470 opinio
1066 1421 1257 1457 seriorum
1277 1426 1462 1456 aetatum.
1504 1430 1557 1455 ex

115 1469 324 1510 Thessalia
351 1485 444 1510 sane
469 1476 659 1525 migrasse
680 1482 891 1512 uarmutur
909 1476 1087 1526 Pelasgi,
1117 1477 1184 1526 qui
1208 1477 1309 1512 inter
1324 1475 1558 1524 Aborigines

116 1526 230 1565 sedes
260 1528 521 1567 obtinuerant.
577 1529 833 1581 Gephyraeos
861 1533 970 1568 novit
998 1533 1208 1582 antiquitas
1238 1531 1306 1582 (v.
1322 1529 1510 1567 Herodot.
1524 1529 1557 1579 ),

116 1577 187 1621 sed
204 1583 254 1620 ab
275 1581 340 1621 his
358 1597 382 1621 a
398 1587 556 1623 Zosimo
575 1588 790 1623 nominatis
810 1585 916 1622 haud
937 1586 1054 1622 dubie
1077 1587 1239 1623 alienos.

227 1637 282 1675 ib.
302 1652 341 1676 v.
359 1642 426 1679 22.
484 1649 523 1678 et
542 1642 868 1688 Constantinum,
897 1643 977 1678 iam
994 1648 1079 1678 tum
1097 1655 1188 1678 vere
1206 1639 1490 1687 Christianum,
1519 1646 1560 1677 et

116 1694 434 1732 Valentinianum
454 1709 544 1733 cum
559 1697 723 1734 Valente
742 1671 938 1747 pontilicis
960 1710 1057 1734 mox
1074 1698 1187 1734 titulo
1210 1709 1299 1734 usos
1320 1709 1404 1733 esse
1426 1709 1477 1732 ex
1494 1695 1561 1731 in-

76 1799 78 1801 >
116 1750 392 1800 scriptionibus
421 1758 570 1788 constat
596 1751 702 1803 apud
727 1753 941 1789 Gruterum
961 1759 998 1789 et
1019 1754 1130 1790 alios.
1165 1752 1308 1790 cellar.
1367 1753 1410 1788 in
1437 1764 1559 1788 numo

118 1806 362 1853 Constantini
381 1808 501 1844 istum
519 1809 678 1845 titulum
693 1807 798 1844 vidit
815 1806 1079 1859 Spanhemius
1098 1809 1201 1846 Diss.
1213 1821 1323 1844 num.
1336 1813 1365 1844 t.
1376 1807 1560 1858 2p.415.

227 1873 268 1911 P·
289 1864 371 1902 217
387 1875 426 1898 v.
444 1863 485 1902 4.
540 1865 676 1915 inique
704 1862 783 1900 hoc
813 1865 861 1900 ab
888 1865 1088 1901 nonnullis
1107 1865 1150 1901 in
1170 1863 1333 1901 dubium
1351 1869 1557 1910 vocatu1n;

118 1928 288 1967 quorum
307 1915 613 1956 dubitationibus
630 1918 890 1969 dispelle—ndis
910 1932 1069 1970 operam
1088 1918 1278 1957 dederuut
1297 1921 1328 1956 1.
1344 1919 1393 1956 A.
1411 1918 1558 1955 Bosius

120 1970 286 2011 diatriba
304 1971 352 2010 de
370 1975 597 2024 pontificatu
614 1987 722 2011 max.
740 1976 1023 2025 imperatorum
1038 1977 1086 2013 R.
1104 1974 1312 2013 christian.
1343 1974 1411 2024 (in
1430 1973 1555 2011 Thes.

119 2028 260 2064 Graev.
277 2034 307 2065 t.
320 2028 374 2079 5)
403 2036 442 2066 et
458 2030 506 2066 de
523 2030 565 2066 la
581 2031 720 2067 Bastie
736 2029 794 2067 du
810 2033 1015 2068 souverain
1029 2032 1229 2082 pontificat
1247 2030 1315 2068 des
1333 2043 1557 2081 empereurs

119 2084 306 2121 Romains
334 2084 479 2135 (Mem.
501 2085 550 2123 de
568 2085 721 2123 l’Acad.
742 2085 816 2124 des
834 2089 953 2124 lnscr.
973 2094 1003 2124 t.
1023 2088 1074 2128 15
1096 2101 1136 2138 p.
1152 2087 1205 2128 75
1223 2085 1376 2138 seqq.).

230 2138 285 2175 ib.
313 2153 353 2176 v.
381 2142 446 2180 11.
504 2149 654 2192 spectat
681 2141 783 2179 haec
810 2141 1028 2180 Theodosii
1058 2144 1240 2180 simulata
1265 2144 1307 2179 in
1337 2142 1558 2178 Maximum

121 2193 366 2232 observantia
394 2195 445 2232 ad
471 2210 508 2234 a.
536 2198 637 2245 384,
666 2204 710 2234 ut
739 2197 840 2235 adeo
873 2199 1037 2249 Oynegii
1059 2200 1247 2249 profectio
1271 2200 1313 2234 in
1335 2200 1561 2247 Aeoyptum

121 2261 201 2286 non
219 2251 346 2288 multo
363 2254 486 2290 serior
506 2266 590 2291 esse
606 2255 746 2304 possit.
804 2253 896 2291 data
917 2261 974 2291 est
989 2253 1040 2291 ad
1059 2268 1151 2292 eum
1168 2255 1197 2291 1.
1214 2257 1240 2295 9
1262 2267 1296 2290 c.
1314 2250 1393 2289 Th.
1414 2252 1462 2288 de
1481 2253 1561 2287 Pa-

122 2315 235 2354 gams
257 2318 293 2342 a·
310 2308 414 2354 385,
445 2321 524 2359 qua
555 2311 793 2359 extispicina
820 2309 1076 2348 interdicitur.
1133 2323 1186 2347 ex
1214 2310 1372 2347 Zosimo
1401 2309 1562 2356 insuper

122 2358 303 2408 discitur,
332 2363 370 2398 ei
394 2364 628 2402 mandatum
654 2366 800 2413 fuisse,
829 2373 873 2403 ut
903 2367 1052 2418 templa
1079 2379 1151 2418 per
1176 2367 1397 2410 Orientem,
1425 2365 1562 2413 Aegy-

120 2422 234 2466 ptum
257 2423 296 2453 et
314 2418 601 2457 Alexandriam
618 2421 853 2459 occluderet.
909 2422 972 2459 H.

233 2471 287 2507 ib.
313 2485 352 2509 v·
371 2477 440 2514 21.
495 2482 595 2513 teste
623 2479 767 2514 Pacato
806 2477 1027 2528 (Panegyr.
1061 2489 1095 2513 c.
1126 2473 1206 2526 43)
1237 2474 1437 2510 Maximus
1470 2485 1560 2509 cum

124 2533 207 2562 arte
233 2529 352 2565 simul
377 2543 471 2567 suae
486 2534 543 2568 rei
561 2533 785 2570 consultum
804 2534 945 2581 vellet,
976 2533 1107 2570 omnia
1125 2542 1224 2581 quae
1241 2535 1373 2579 ageret
1389 2529 1560 2564 auctori-

124 2587 203 2618 tate
232 2585 317 2632 geri
343 2585 563 2624 Theodosii
586 2588 858 2626 fraudulenter
880 2589 1071 2626 militibus
1101 2587 1314 2636 persuasit,
1354 2596 1431 2634 quo
1456 2584 1560 2620 facto

124 2636 278 2674 videtur
294 2651 375 2677 non
390 2643 537 2680 milites
555 2643 675 2680 modo
688 2674 698 2691 ‚
727 2652 772 2682 ut
788 2647 831 2681 in
847 2644 924 2681 fide
941 2648 1146 2681 manerent
1168 2647 1207 2677 et
1229 2640 1281 2677 ad
1301 2640 1451 2676 bellum
1472 2640 1560 2676 eni-

123 2693 215 2731 zius
242 2708 403 2746 operam
431 2706 643 2750 navarent,
677 2700 749 2738 sed
766 2698 979 2740 historicos
1007 2700 1126 2737 etiam
1152 2695 1374 2748 decepisse,
1402 2701 1447 2734 ut
1473 2695 1511 2732 ei
1535 2706 1559 2732 a
