1812 3016
213 135 219 140 Ο
275 72 373 118 406
815 74 1176 118 REITEMEIERI

274 196 368 233 ρους
387 204 438 210 -
456 189 500 218 ut
520 188 556 218 et
570 182 645 219 alii
653 190 814 232 praeter
828 197 882 220 se.
943 190 1114 221 ceterum
1133 184 1348 233 Eutropius
1366 182 1506 221 Rufino
1521 196 1602 221 non
1620 195 1710 220 suc-

277 238 391 274 cessit
407 235 595 275 hactenus
610 268 620 286 ,
653 246 696 276 ut
714 253 773 290 pr.
798 253 857 290 pr.
878 240 1046 277 Orientis
1063 240 1192 287 fieret,
1226 252 1321 276 nam
1347 239 1391 276 in
1416 239 1546 276 Rufini
1579 236 1712 276 locum

276 294 462 331 successit
480 294 696 332 Caesarius.
753 296 963 345 Eutropius
988 295 1113 333 factus
1141 301 1199 332 est
1223 295 1466 346 praepositus
1485 297 1583 332 sacri
1601 295 1712 332 cubi-

278 349 369 397 culi,
400 361 502 386 anno
522 363 612 387 vero
631 353 710 391 399
735 352 871 388 consul
889 358 946 388 est
966 353 1222 389 renuntiatus.
1281 351 1332 388 cf.
1351 350 1423 390 inf.
1443 363 1478 387 c.
1501 354 1564 391 17.
1598 351 1653 387 ll.

389 418 429 455 p.
447 406 529 446 256
549 419 586 442 v.
611 407 676 445 10.
735 406 816 444 vid.
838 406 886 444 de
905 407 998 457 fuga
1020 406 1071 444 ad
1086 408 1225 445 eccles.
1246 406 1276 444 l.
1299 409 1318 447 1
1339 419 1374 444 c.
1391 404 1472 444 Th.
1494 404 1543 443 de
1559 404 1622 444 his
1646 407 1714 458 qui

278 459 330 497 ad
353 460 557 497 ecclesiam
578 462 821 512 confugiunt.
879 463 1023 499 Ritter.

279 572 338 610 R·
389 514 442 554 ib.
504 516 554 553 ad
583 518 672 555 illas
696 519 795 556 forte
814 520 1010 570 pertinent
1029 518 1058 555 1.
1081 516 1130 558 15
1151 531 1185 555 c.
1205 515 1285 555 Th.
1306 515 1354 554 de
1375 517 1488 554 bonis
1510 518 1714 569 proscript-

322 579 421 608 atter.

280 684 339 719 R
390 626 444 663 ib.
469 641 507 664 v.
532 629 598 668 16.
654 627 735 665 vid.
766 629 794 665 l.
821 631 845 669 3
878 642 912 665 c.
932 628 1013 666 Th.
1043 628 1092 666 ad
1122 630 1202 679 leg.
1221 629 1338 667 Corn.
1369 628 1418 666 de
1439 630 1552 667 sicar.
1584 640 1626 664 n.
1648 627 1715 666 11.

323 690 422 720 citer.

393 737 446 774 ib.
470 751 507 774 v.
534 739 598 778 18.
656 736 857 776 suidash.
883 750 928 775 v:
934 733 1114 790 γαυρὸς
1141 754 1181 778 τε
1208 754 1266 778 ων
1295 734 1399 792 ἄνηρ
1427 754 1493 779 και
1523 733 1720 791 ἆγὲρωχος

280 793 348 834 καὶ
365 794 580 844 στρατείαις
601 791 822 844 ωμιληκῶς.
880 794 929 831 cf.
949 796 1182 845 Prosopogr.
1205 808 1239 832 c.
1260 793 1340 832 Th.

390 849 443 886 ih.
504 862 621 899 supra
648 850 703 901 (4
731 850 811 900 45)
845 848 938 887 dicit
962 852 1143 888 Zosimus
1173 851 1346 901 cynegio
1375 850 1419 886 in
1444 850 1584 886 itinere
1610 861 1720 886 mor-

280 912 346 942 tuo
370 906 586 943 Tatianum
611 905 760 942 factum
786 906 909 956 praef.
936 920 995 956 pr.
1026 913 1064 943 et
1083 908 1308 944 Timasinm
1330 904 1577 957 pedestribus
1598 906 1721 954 copiis

279 961 524 1011 praefectum
549 961 670 998 fuisse
705 975 776 1012 per
801 963 999 1001 Orientem
1017 976 1039 999 a
1063 961 1304 1000 Theodosio.
1363 974 1461 998 coss.
1482 962 1654 998 Honorio
1672 962 1720 997 N.

281 1018 326 1053 P.
355 1024 392 1054 et
413 1017 564 1053 Evodio
585 1024 642 1053 est
662 1018 690 1054 1.
713 1017 738 1058 5
769 1031 802 1054 0.
821 1016 900 1055 Th.
932 1017 980 1055 de
1009 1025 1175 1055 sentent.
1199 1032 1251 1055 ex
1269 1017 1442 1069 periculo
1462 1017 1570 1055 recit.
1595 1017 1721 1066 impp.

281 1073 476 1110 Valentiu.
496 1071 697 1110 Theodos.
720 1080 758 1115 et
777 1072 944 1111 Arcadio
966 1073 1016 1111 ad
1039 1076 1263 1112 Timasium
1278 1075 1408 1112 comit.
1425 1079 1464 1109 et
1481 1085 1587 1122 mag.
1609 1073 1723 1124 equi-

282 1134 389 1177 tum,
419 1127 460 1165 11.
483 1142 516 1164 e·
538 1140 639 1166 alluo
661 1127 751 1166 Chr.
774 1131 867 1170 886.
926 1130 1147 1167 Reme-sius.

394 1184 447 1220 ib.
473 1198 510 1220 v.
535 1187 601 1224 ΞΟ.
659 1185 739 1227 vid,
761 1185 968 1223 Sozomen.
989 1188 1014 1226 8
1047 1188 1087 1226 7.
1145 1186 1288 1222 Ritter.

394 1253 433 1290 p-
451 1240 531 1280 257
551 1253 588 1276 v-
612 1242 676 1281 12.
733 1239 840 1286 hunc
862 1242 995 1278 locum
1012 1243 1116 1278 male
1134 1248 1248 1292 urget
1266 1239 1475 1278 Gutherius
1494 1238 1543 1277 de
1562 1237 1628 1276 off.
1651 1236 1725 1276 do·-

283 1307 372 1332 mus
387 1297 490 1344 Aug.
514 1295 583 1331 lib.
603 1296 624 1334 1
647 1309 679 1332 c.
699 1299 752 1337 27
775 1309 816 1346 Ρ.
835 1310 891 1334 111.
914 1297 1004 1344 137,
1036 1297 1192 1348 quando
1215 1298 1517 1334 consultationes
1536 1295 1584 1333 ab
1601 1296 1725 1332 Arca-

285 1349 350 1387 dio
375 1363 527 1392 eversas
547 1357 680 1400 putat,
710 1351 800 1389 ideo
820 1353 1010 1390 refutatus
1034 1366 1056 1390 a
1073 1352 1251 1391 Gothofr.
1279 1352 1330 1389 ad
1354 1355 1415 1390 tit.
1445 1351 1493 1389 de
1523 1351 1726 1388 relationi-

282 1405 370 1449 bus.
432 1406 576 1443 Ritter.

395 1474 435 1511 Ρ-
455 1461 535 1513 258
552 1474 591 1498 v.
615 1464 677 1502 10.
737 1460 958 1501 dissensum
974 1465 1077 1500 inter
1096 1464 1403 1514 Hieronymum,
1443 1463 1512 1514 qui
1533 1473 1613 1498 non
1635 1458 1727 1498 'nasi

286 1514 359 1554 sed
377 1518 500 1554 Assae
522 1518 745 1561 Timasium
772 1520 814 1557 iu
841 1520 961 1557 exilio
987 1520 1108 1557 fuisse
1130 1520 1262 1561 scribit
1275 1548 1285 1566 ‚
1325 1526 1363 1556 et
1381 1520 1584 1556 Zosimum
1603 1516 1727 1554 Sozo-

283 1585 546 1624 menumque,
575 1571 650 1609 hac
667 1574 806 1611 tollere
823 1576 1143 1626 interpretatione
1163 1575 1443 1617 Tillemontius
1460 1573 1512 1625 (t.
1533 1573 1558 1613 5
1581 1585 1622 1624 p-
1646 1571 1727 1613 773

283 1635 368 1664 not.
389 1627 433 1677 7)
461 1635 642 1676 conatur,
671 1635 715 1666 ut
731 1632 904 1680 primum
922 1633 1050 1669 Assae
1067 1632 1183 1667 illum
1202 1632 1364 1668 exulem
1379 1629 1532 1680 degisse
1545 1656 1555 1675 ,
1595 1634 1633 1665 et
1652 1640 1727 1678 po-

285 1690 370 1721 stea
401 1685 513 1720 exilii
549 1683 641 1722 sede
675 1692 825 1723 mutata
851 1689 970 1724 Oasin
1001 1685 1247 1736 deportatum
1276 1687 1398 1724 fuisse
1436 1691 1595 1723 statuat.
1652 1684 1728 1720 fuit

274 1735 420 1786 ”Oasis
440 1740 643 1788 (Alvalzat
659 1741 765 1791 apud
782 1742 950 1793 Arabas)
976 1741 1138 1793 duplex,
1168 1744 1293 1780 maior
1311 1749 1349 1779 et
1369 1743 1512 1784 minor.
1551 1738 1631 1777 vid.
1653 1740 1727 1776 cel.

286 1795 502 1832 lmelzaelis
527 1795 579 1832 ad
596 1796 817 1840 Abulfedae
845 1797 969 1836 desor-
991 1800 1130 1854 Aegyp
1133 1800 1164 1835 ti
1185 1799 1251 1849 (Ρ
1272 1799 1324 1838 21
1339 1795 1502 1848 -33)‚
1530 1796 1600 1833 ubl
1617 1802 1729 1832 vete·

286 1863 376 1889 rum
403 1853 636 1901 scriptorum
658 1851 707 1889 de
727 1855 819 1894 Qasi
833 1855 1082 1906 loquentium
1099 1812 1196 1892 lpocis
1217 1855 1389 1893 collectis
1411 1852 1504 1890 addi
1519 1858 1647 1903 potest
1665 1851 1729 1888 lo-

286 1919 355 1948 cus
377 1907 648 1958 olympiodori
677 1907 768 1960 (ap.
787 1909 975 1947 Photium
1008 1909 1093 1952 cod.
1117 1910 1210 1961 80),
1247 1911 1315 1962 qui
1334 1907 1532 1951 laudando
1558 1908 1729 1957 regionis

285 1963 565 1999 amoenitatem
593 1976 638 2000 ac
665 1964 910 2009 fertilitatem
933 1967 1051 2016 longe
1079 1965 1276 2008 diversam
1305 1978 1350 2002 ae
1374 1966 1556 2004 Zosimus
1581 1962 1731 1999 descri-

288 2019 465 2067 ptionem
484 2020 566 2055 eius
590 2017 711 2062 dedit,
768 2020 909 2063 Photio
940 2029 1072 2062 autem
1101 2029 1199 2059 teste
1227 2022 1351 2060 multa
1371 2020 1551 2057 fabulosa
1573 2017 1621 2056 de
1637 2019 1729 2056 Oasi

291 2072 594 2123 olympiodorus
623 2076 788 2124 scripsit,
837 2076 888 2114 ad
916 2075 1021 2114 huno
1049 2078 1181 2115 locum
1202 2077 1381 2118 Ritterus
1399 2074 1535 2117 laudat
1555 2075 1584 2111 l.
1604 2087 1672 2110 uu.
1693 2087 1728 2110 c.

289 2126 370 2165 Th.
393 2128 442 2164 de
459 2129 539 2165 Nili
554 2142 686 2179 agger.
711 2137 749 2167 et
764 2132 820 2168 ibi
840 2131 1020 2174 Gothofr.
1045 2140 1084 2171 et
1105 2132 1253 2171 indicat
1274 2132 1476 2171 Cuiacium
1502 2130 1550 2168 de
1575 2130 1731 2180 relega-

289 2185 396 2220 tione
422 2185 464 2220 in
483 2186 614 2224 Oasim
635 2192 673 2221 et
692 2187 869 2253 Gypsnm
888 2189 1200 2226 observationem
1217 2188 1459 2238 singularem
1478 2185 1636 2223 habere.
1668 2186 1724 2222 R.

290 2238 343 2275 ad
369 2239 493 2279 Oasin
509 2239 756 2279 offenderunt
777 2244 851 2280 viri
869 2243 994 2292 docti,
1024 2246 1066 2290 in
1087 2243 1149 2282 his
1169 2245 1375 2281 Reinesius
1393 2241 1498 2293 apud
1517 2242 1657 2279 cellar.
1679 2239 1731 2278 ad

290 2293 332 2331 h.
359 2296 387 2332 l.
417 2294 524 2346 quod
552 2298 593 2332 in
615 2298 854 2349 Hieronymo
882 2299 1013 2336 Assae
1034 2307 1212 2350 corrupte
1233 2299 1463 2349 legebatur3
1495 2296 1568 2337 sed
1586 2310 1625 2334 v.
1643 2297 1732 2334 loca

290 2349 427 2388 laudd.
452 2353 494 2388 in
508 2353 750 2402 Prosopogr.
781 2367 814 2390 c.
835 2353 915 2391 Th.
941 2362 979 2391 et
1006 2368 1028 2391 a
1049 2357 1196 2392 Rittero
1226 2329 1297 2391 ad*³
1302 2353 1441 2390 Guthr.
1473 2359 1502 2390 t.
1525 2354 1550 2393 5
1573 2365 1614 2403 p
1639 2354 1731 2392 186.

291 2419 406 2456 porro
425 2408 648 2447 Timasium
669 2421 721 2445 ex
740 2411 860 2446 exilio
881 2417 1107 2447 revocatum
1129 2412 1382 2457 somniarunt,
1412 2410 1499 2446 loco
1521 2407 1667 2446 Suidae
1688 2409 1731 2443 in

298 2457 487 2511 Τιμάσιος
514 2464 618 2500 male
638 2471 810 2516 accepto,
841 2467 910 2519 qui
929 2464 977 2503 de
995 2472 1185 2524 tempore,
1214 2478 1292 2518 quo
1312 2467 1355 2502 in
1375 2465 1508 2502 aulam
1526 2464 1731 2501 arcessitus

292 2523 371 2565 est,
409 2520 503 2567 agit.
560 2520 621 2562 H

403 2545 457 2610 ibe.
519 2573 567 2611 de
585 2564 752 2620 Timasii
769 2582 894 2613 morte
913 2576 962 2613 cf.
982 2577 1139 2614 Sozom.
1160 2579 1187 2618 8
1214 2579 1255 2618 7.

403 2641 444 2678 p-
466 2628 548 2669 259
566 2643 604 2666 v·
631 2634 694 2671 11.
752 2630 800 2668 de
817 2633 1006 2682 Eutropio
1027 2633 1190 2683 eiusque
1206 2630 1456 2682 improbitate
1471 2629 1581 2667 locus
1600 2635 1659 2667 est
1680 2640 1732 2667 ex

293 2684 438 2720 Ioanne
463 2684 742 2725 Antiocheno
731 2700 773 2731 m
796 2689 897 2729 Exc.
925 2688 1056 2731 Vales.
1076 2701 1118 2743 Ρ.
1138 2686 1233 2728 848.
1290 2687 1433 2729 Ritlem
