1812 3016
392 118 832 165 COMMENTARIUS
867 118 1218 166 ms‘romcus.
1434 117 1533 168 349

88 230 190 271 tium
208 228 516 283 expeditionem,
540 243 642 284 quae
658 243 740 269 non
757 230 885 282 magis
903 230 941 269 ei
957 243 1078 284 quam
1095 237 1185 269 ante
1196 231 1343 270 Severo
1361 242 1413 269 ex
1430 231 1532 270 votis

86 288 273 326 successit
293 287 346 339 (c.
371 291 423 330 10
436 301 476 340 p.
488 287 542 328 74
562 301 602 325 v.
619 286 706 337 20).
762 288 1028 326 Maximianus
1044 301 1223 326 reversus
1238 286 1290 325 ad
1312 287 1437 325 filium
1457 288 1531 325 ab-

85 342 305 382 alienandis
329 343 378 381 ab
408 357 455 381 eo
471 344 643 381 militum
661 344 804 382 animis
821 356 1046 395 comparare
1065 345 1140 382 sibi
1156 346 1240 382 eius
1260 357 1426 395 regnum
1444 345 1532 382 fru-

85 406 167 438 stra
183 406 309 438 tentat
331 399 385 451 (c.
411 402 457 440 11
476 412 518 451 Ρ.
535 401 589 441 76
609 413 647 436 v.
667 398 726 451 7).
782 400 958 438 Licinius
985 413 1009 438 a
1035 401 1191 438 Galerio
1222 401 1264 437 in
1290 402 1530 438 consortium

85 457 200 507 regni
218 462 380 494 vocatur
396 455 448 507 (c.
472 459 518 496 11
539 468 580 506 Ρ.
599 457 653 496 76
669 467 709 493 v.
727 454 787 507 3).
817 458 1043 495 Maxentius
1062 470 1085 494 a
1103 458 1143 493 vi
1163 463 1202 494 et
1219 458 1370 508 impetu
1386 455 1530 494 adver·-

85 513 278 550 ariorum
307 513 402 550 satis
429 518 538 548 tutus
557 510 732 548 Africam
757 525 828 550 suo
850 525 971 564 regno
992 512 1171 564 adiungit
1200 512 1260 564 (c.
1284 516 1333 554 12
1354 526 1394 563 p.
1413 516 1466 554 76
1487 526 1528 551 v.

86 568 141 610 16
158 568 289 620 sqq.),
328 579 447 620 qnam
467 567 696 605 Alexander
719 568 776 605 ibi
803 571 924 620 copiis
952 569 1174 620 praefectus
1194 575 1343 606 mutata
1362 568 1438 606 fide
1464 567 1528 605 di-

85 623 189 661 cioni
207 624 292 662 eius
310 621 503 661 subtrabit
524 622 576 674 (c.
602 626 653 664 12
674 638 713 675 p.
731 627 786 666 77
811 638 851 662 v.
876 623 960 676 14).
1002 624 1268 663 intercedente
1290 632 1416 662 morte
1438 626 1528 661 Ma-

84 679 255 717 ximiani
276 679 453 717 Herculii
479 692 581 716 anno
614 680 696 721 810
723 680 783 730 (c.
805 681 854 721 11
879 694 920 732 p.
938 684 991 722 76
1012 695 1050 718 v.
1075 680 1154 732 13)
1181 687 1220 718 et
1252 681 1399 719 Galerii
1424 694 1528 718 anno

84 742 274 788 sequente
301 737 378 776 311
411 735 474 786 (c.
498 739 540 776 11
563 748 602 786 p.
620 738 672 776 76
692 749 732 774 v.
749 735 805 787 5)
834 738 1059 776 Maxentius
1086 736 1269 790 quidem,
1309 736 1530 775 defectione

83 789 304 830 Alexandri
320 804 527 842 oppressa,
559 791 735 829 Africam
754 801 957 844 recuperat
977 794 1031 844 (c.
1056 794 1138 844 14),
1170 795 1253 845 ipse
1276 801 1407 831 autem
1426 806 1529 830 anno

84 849 169 888 812
186 860 208 884 a
233 848 488 886 Constantino
519 848 645 885 victus
674 854 733 885 est
765 847 824 898 (c.
857 848 920 889 15.
949 849 1044 900 16).
1100 851 1378 888 Constantinus
1405 851 1531 887 victor

85 914 189 941 anno
213 904 308 951 313,
338 903 490 940 Licinio
510 903 550 940 in
571 904 866 941 matrimonium
887 904 977 942 data
995 918 1148 954 sorore,
1190 904 1241 942 ad
1262 906 1410 943 Gallias
1429 905 1530 943 redit

85 957 140 1009 (c.
163 962 215 1001 17
234 971 276 1010 p.
296 960 347 1000 81
366 973 403 996 v.
428 959 510 1009 17).
539 959 806 998 Diocletianus
824 959 930 998 diem
953 961 1034 998 obit
1051 974 1280 1013 supremum
1305 961 1357 1011 (c.
1379 964 1405 1003 8
1422 975 1462 1013 p.
1474 963 1530 1002 72

83 1026 125 1052 v.
144 1013 212 1065 7),
252 1021 291 1052 et
311 1014 451 1053 eodem
472 1028 574 1053 anno
593 1017 837 1055 Maximinus
850 1046 861 1065 ‚
902 1030 989 1054 cum
1010 1030 1032 1054 a
1050 1019 1204 1055 Licinio
1229 1018 1380 1068 proelio
1403 1019 1529 1054 victus

83 1070 239 1120 fugeret
259 1070 312 1122 (c.
336 1072 388 1112 17
407 1085 447 1122 p.
467 1072 521 1112 82
539 1085 578 1109 v.
596 1071 655 1122 4).
713 1085 815 1110 anno
837 1073 919 1115 314
938 1074 1087 1111 bellum
1107 1075 1210 1111 inter
1230 1074 1530 1112 Constantinum

85 1132 126 1163 et
140 1127 337 1164 Licinium
356 1128 478 1164 oritur
496 1127 550 1178 (c.
571 1129 619 1168 18
638 1127 761 1180 sqq.)-

194 1195 235 1234 Ρ·
252 1185 307 1224 76
326 1195 364 1220 v·
385 1185 453 1224 20.
513 1183 671 1232 ἱκαναῖς
687 1179 880 1237 δυνάμεσι
898 1197 978 1223 non
992 1183 1226 1223 tentandum
1239 1183 1292 1238 ‘).
1331 1186 1532 1223 Maxentii

86 1237 220 1290 copias
242 1251 308 1276 eas
329 1251 414 1276 esse
429 1251 503 1290 per
521 1252 563 1276 se
586 1241 830 1291 intelligitur,
861 1248 900 1279 et
922 1255 974 1279 ex
990 1243 1075 1293 ipso
1096 1243 1199 1280 facto
1217 1248 1324 1293 patet
1344 1255 1410 1279 eas
1432 1243 1530 1278 satis

84 1291 245 1331 validas
260 1294 396 1332 fuisse.
453 1308 584 1332 rerum
605 1303 737 1333 autem
757 1296 852 1334 ordo
869 1299 925 1335 sic
944 1297 1133 1348 procedit.
1190 1299 1278 1336 Afri
1305 1306 1343 1335 et
1363 1296 1530 1335 Cartha-

84 1350 284 1401 ginienses
314 1348 577 1389 detrectarunt
603 1353 797 1389 Maxentii
827 1354 1059 1404 imperium,
1096 1353 1173 1391 fide
1193 1361 1231 1391 et
1255 1354 1530 1392 benevolentia

82 1406 127 1443 in
146 1406 347 1443 Galerium
369 1406 556 1444 obstricti.
613 1407 898 1446 Alexandriam
915 1422 1106 1461 occupare
1121 1411 1296 1459 volnere,
1327 1423 1373 1447 eo
1391 1411 1529 1462 utique

84 1460 248 1500 consilio
265 1468 310 1500 nt
329 1475 489 1500 suarum
508 1464 680 1514 partium
698 1465 940 1515 praesidium
961 1465 1062 1502 illud
1082 1465 1294 1513 haberent3
1321 1479 1362 1504 re
1383 1467 1529 1503 frustra

83 1523 256 1566 tentata,
286 1517 393 1570 quod
408 1519 500 1556 urbs
519 1520 619 1557 sorte
641 1533 664 1557 a
680 1522 874 1558 Maxentii
894 1524 1017 1573 copiis
1038 1523 1256 1570 tenebatur,
1281 1535 1350 1573 spe
1365 1535 1435 1559 sua
1457 1521 1530 1559 de-

82 1573 176 1611 iecti
195 1572 475 1625 Carthaginem
491 1575 657 1614 rediere.
714 1576 945 1614 Alexander
967 1578 1156 1628 praefecti
1174 1579 1331 1615 Africae
1354 1580 1481 1614 vicem
1505 1590 1530 1615 a

83 1629 243 1667 Galerio
261 1629 490 1667 mandatam
509 1629 694 1669 habuisse
710 1631 887 1679 videtur3
918 1645 1039 1684 quem
1057 1646 1146 1670 cum
1162 1635 1387 1671 Maxentius
1402 1635 1529 1683 primo

83 1686 306 1736 opprimere
330 1686 542 1734 voluisset,
583 1688 745 1725 consilio
772 1687 950 1739 deposito
979 1701 1078 1726 mox
1102 1689 1151 1725 ab
1186 1702 1232 1726 eo
1254 1690 1468 1740 postulavit
1486 1696 1530 1726 ut

82 1739 179 1778 fidei
213 1741 356 1778 saltem
393 1741 573 1779 obsidem
606 1744 682 1780 sibi
717 1742 827 1781 daret
859 1743 999 1781 filium.
1056 1751 1096 1781 at
1118 1744 1349 1782 Alexander
1379 1743 1529 1796 perfide

83 1797 219 1835 omnia
239 1798 305 1847 agi
322 1810 345 1834 a
360 1798 563 1835 Maxentio
583 1799 822 1849 intelligens,
853 1800 1048 1837 recusavit
1068 1799 1175 1838 dare.
1231 1802 1293 1837 H.

194 1851 250 1889 ib.
276 1865 315 1890 v.
334 1854 402 1894 21.
460 1866 561 1905 quae
582 1856 765 1892 Zosimus
786 1854 928 1903 tradit,
958 1855 1121 1893 obscura
1142 1862 1233 1894 sunt
1251 1863 1290 1893 et
1307 1857 1439 1895 forsan
1452 1855 1529 1895 hoc

82 1905 203 1946 modo
218 1910 403 1946 extricari
417 1915 456 1946 et
472 1910 659 1948 illustrari
675 1918 852 1961 possunt.
882 1912 1030 1950 milites
1050 1914 1119 1964 qui
1131 1911 1366 1963 Carthagine
1383 1920 1527 1962 essent,

83 1969 155 2002 aut
186 1971 339 2015 partem
366 1978 523 2014 eorum,
565 1979 656 2003 cum
673 1966 802 2004 studio
823 1968 969 2004 Galerii
994 1969 1187 2019 imagines
1204 1970 1399 2006 Maxentii
1418 1968 1528 2008 haud

84 2019 356 2068 admisissent,
386 2021 487 2058 iram
505 2024 590 2060 eius
611 2024 755 2060 veritos
778 2022 1082 2072 Alexandriam,
1113 2037 1215 2076 quae
1236 2026 1391 2063 Galerio
1410 2039 1530 2077 pare-

83 2075 176 2124 bat,
216 2089 259 2114 se
284 2076 460 2115 conferre
488 2078 682 2126 voluisse,
723 2079 901 2130 repulsos
924 2087 1055 2117 autem
1072 2080 1115 2117 in
1132 2082 1272 2118 itinere
1294 2094 1316 2119 a
1334 2082 1528 2119 Maxentii

84 2132 222 2182 copiis,
251 2134 335 2170 sive
356 2146 426 2170 eae
448 2133 568 2172 modo
587 2136 819 2174 traiecerant
841 2137 924 2174 sive
943 2143 1169 2175 manserant
1188 2138 1231 2174 in
1249 2136 1348 2187 fide,
1376 2137 1528 2176 redisse

83 2185 385 2238 Carthaginem,
414 2188 521 2227 unde
542 2191 734 2229 exierant.

107 2298 136 2339 ο
192 2247 314 2335 Ἇῃ
336 2257 376 2283 v.
400 2247 468 2287 17.
529 2242 657 2299 Τύχης
681 2242 795 2296 ναός.
852 2246 935 2286 vid.
959 2248 1139 2287 valesius
1159 2247 1211 2286 aa
1227 2249 1446 2287 Marcellin.
1474 2249 1527 2289 16

79 2300 102 2340 1
136 2322 150 2335 .
259 2299 267 2307 ‘
281 2306 351 2337 ter.

194 2365 238 2405 Ρ.
261 2356 315 2395 79
340 2367 381 2393 v.
412 2358 478 2397 10.
534 2356 727 2396 dissident
752 2359 934 2398 Zosimus
961 2360 1258 2414 Eumeniusque
1286 2359 1334 2398 de
1361 2372 1528 2397 numero

81 2407 263 2461 peditum
282 2412 553 2465 equitumque.
608 2413 675 2451 hic
704 2423 862 2453 centum
890 2418 1002 2455 milia
1024 2426 1262 2456 armatorum
1281 2430 1303 2453 a
1320 2416 1526 2452 Maxentio

81 2471 124 2503 et
151 2472 332 2517 quartam
352 2467 471 2506 modo
490 2483 626 2510 eorum
641 2478 795 2521 partem
818 2485 842 2509 a
857 2473 1110 2512 Constantino
1132 2473 1291 2511 ductam
1311 2470 1362 2508 ad
1374 2471 1526 2507 bellum

81 2520 226 2558 traditz
274 2523 456 2561 Zosimus
492 2527 647 2563 etiamsi
680 2526 852 2566 invidiae
880 2542 962 2567 non
995 2532 1127 2568 minus
1156 2541 1276 2581 quam
1308 2528 1527 2564 Eumenius

82 2575 319 2616 adulationis
351 2587 556 2631 suspectus
589 2581 695 2620 credi
720 2585 864 2636 possit,
903 2585 982 2624 fide
1013 2593 1148 2624 tamen
1171 2590 1370 2636 praestare
1394 2581 1525 2632 debet,

170 2751 208 2795 *J
230 2748 414 2797 ἐναντίαις
433 2754 579 2793 malebat
599 2755 644 2795 R.
