1774 3002
92 1939 129 1974 p.
153 1938 249 1963 xvm

245 75 349 106 mv
585 44 591 51 '
787 61 1152 108 ΑιιΕΠῈιιαΕιΕιιι

247 184 509 222 allaboratum
531 195 555 222 a
578 184 674 223 viris
696 182 843 234 doctis,
872 197 999 223 unum
1014 179 1289 222 tantummodo
1309 187 1370 221 est
1388 182 1484 221 satis
1499 181 1692 232 validum,

248 250 356 304 quod
374 263 427 288 ex
445 251 604 302 Syriani
622 253 727 290 facta
748 253 1120 291 commemoratione
1139 257 1246 302 patet
1262 251 1469 288 Zosimum
1494 256 1584 287 ante
1607 251 1693 288 eius

250 325 421 356 aetatem
452 331 534 356 non
563 321 727 358 vixisse.
784 327 958 357 ceterum
983 332 1055 370 pro
1080 325 1184 356 certo
1204 329 1350 368 ponere
1370 317 1628 356 licetvvixisse
1648 330 1694 354 ac

249 389 452 439 scripsisse
470 389 675 425 Zosimum
689 386 821 425 medio
839 388 942 424 inter
959 398 1081 423 annos
1097 386 1177 427 431
1189 391 1228 421 et
1238 385 1318 427 591
1334 390 1525 435 tempore,
1539 386 1694 436 *quippe

251 453 362 508 quod
378 456 506 505 primo
526 468 629 493 anuo
651 456 780 493 floruit
799 455 989 505 Syrianus
1001 481 1011 501 ,
1041 453 1112 504 qui
1129 453 1291 490 ultimus
1308 450 1558 504 laudatorum
1573 464 1598 488 a
1614 453 1696 489 Zo-

251 523 354 560 simo
379 523 612 572 scriptorum
635 529 715 570 est,
745 528 784 559 et
809 523 962 572 scripsit
988 527 1186 572 postremo
1211 520 1427 569 Euagrius,
1457 521 1526 571 qui
1544 519 1696 571 primus

253 591 338 627 eius
351 618 362 638 ‚
392 588 499 641 quod
521 590 687 637 scimus,
715 590 958 626 mentionem
978 588 1085 624 fecit.
1141 587 1302 624 fluctuat
1319 588 1376 625 sic
1396 592 1505 624 aetas
1521 584 1696 623 historici

253 658 378 696 nostri
402 658 504 693 iutra
537 663 696 694 centum
724 663 763 694 et
785 657 993 706 sexaginta
1012 667 1205 692 annorum
1220 655 1412 705 spatium:
1440 659 1699 692 veruntamen

255 723 334 762 duo
355 730 585 775 argumenta
605 736 658 760 ex
677 723 801 774 ipsius
819 722 984 761 historia
1006 722 1098 759 elici
1116 727 1299 772 possunt,
1329 720 1474 773 quibus
1490 732 1579 757 eam
1595 719 1697 756 ultro

257 793 432 843 citroque
459 791 665 829 artioribus
688 791 880 828 limitibus
907 791 963 827 ita
989 787 1190 826 includere
1204 800 1429 839 speramus,
1458 793 1503 824 ut
1519 785 1590 824 sub
1608 785 1699 823 exi-

257 866 345 897 tum
363 860 510 897 saeculi
531 860 659 910 quinti
680 857 951 896 collocandam
970 870 1055 895 esse
1073 856 1276 908 probabile
1294 856 1378 905 siat,-
1407 857 1618 907 postquam
1636 863 1700 889 res

258 927 438 965 Romana
457 927 500 963 in
518 925 728 976 provinciis
747 926 829 962 iam
848 931 1056 963 corruerat.

370 995 551 1031 Primum
574 994 778 1040 Zosimus,
806 992 876 1029 ubi
905 993 968 1030 sui
997 993 1120 1043 ipsius
1144 991 1231 1030 aevi
1251 991 1490 1030 calamitates
1509 987 1700 1040 deplorat,

262 1074 352 1100 eam
370 1074 455 1099 esse
472 1061 630 1111 imperii
646 1060 845 1099 fortunam
861 1063 917 1099 ait
934 1068 978 1100 ut
992 1061 1182 1099 Romanis
1197 1060 1269 1097 vix
1284 1060 1497 1111 quicquam
1513 1058 1701 1109 pristinae

261 1130 432 1180 supersit
459 1126 762 1178 magnitudinis,
793 1127 888 1166 dum
913 1129 1203 1180 provinciarum
1228 1127 1328 1164 aliae
1352 1125 1610 1164 barbarorum
1627 1135 1703 1175 po-

261 1197 412 1233 testatis
439 1195 587 1243 factae,
617 1195 718 1232 aliae
743 1194 796 1232 ad
821 1207 909 1232 eam
932 1192 1186 1232 solitudinem
1203 1191 1383 1230 redactae
1402 1193 1483 1230 sint
1497 1197 1544 1228 ut
1561 1203 1614 1228 ne
1633 1202 1705 1228 ur-

261 1263 375 1300 bium
393 1261 556 1313 quidem
575 1262 673 1299 situs
690 1262 868 1312 cognitus
887 1262 951 1298 sit.
968 1257 1012 1311 *)
1069 1273 1116 1297 ea
1135 1272 1220 1298 esse
1239 1259 1437 1310 scriptoris
1458 1258 1528 1309 qui
1542 1269 1623 1295 non
1638 1258 1706 1294 in-

263 1330 430 1366 fractam
449 1342 493 1365 ac
513 1328 757 1366 debilitatam
777 1329 934 1380 imperii
954 1329 1039 1366 vim
1057 1333 1252 1375 cerneret,
1282 1324 1353 1364 sed
1371 1326 1452 1362 iam
1471 1326 1602 1376 ipsam
1620 1325 1706 1361 rui-

265 1408 360 1434 nam
381 1396 423 1432 iu
449 1397 571 1434 oculis
601 1394 787 1445 haberet,
820 1396 908 1448 quis
938 1401 998 1433 est
1027 1394 1097 1447 qui
1124 1406 1205 1431 non
1234 1391 1475 1445 perspiciat?
1530 1391 1705 1444 profecto

265 1475 348 1500 non
369 1464 564 1512 Honorio,
595 1476 672 1515 quo
695 1470 883 1514 regnante
904 1464 964 1501 vis
988 1462 1059 1499 illa
1080 1462 1269 1499 Romanis
1299 1459 1399 1498 adeo
1426 1459 1560 1497 fatalis
1585 1460 1707 1496 etiam

267 1542 321 1567 ex
351 1531 502 1568 Zosimi
530 1532 722 1568 sententia
747 1532 922 1582 primum
941 1531 1124 1581 ingruere
1144 1529 1293 1579 coepit,
1322 1528 1530 1579 aequalem
1547 1528 1708 1579 putabi-

266 1609 355 1635 :nus
372 1610 464 1634 eum
482 1598 551 1649 qui
566 1598 723 1635 urbium
739 1600 894 1636 vastitie
914 1597 1132 1635 deletarum
1149 1595 1316 1646 vestigia
1335 1596 1417 1632 iam
1437 1595 1548 1632 nulla
1568 1606 1707 1645 super-

269 1676 355 1701 esse
385 1670 512 1700 aetate
538 1677 610 1701 sua
642 1664 864 1715 profitetur:
893 1678 1031 1703 verum
1051 1671 1095 1702 ut
1114 1665 1150 1701 is
1167 1664 1286 1713 longo
1306 1663 1401 1701 satis
1420 1661 1627 1699 intervallo
1643 1662 1709 1699 vi-

267 1731 372 1766 xerit
401 1736 491 1779 post
518 1732 684 1768 Honorii
711 1739 899 1781 aetatem,
927 1745 1089 1770 necesse
1116 1737 1189 1769 est.
1244 1742 1296 1766 ne
1321 1727 1409 1780 quis
1432 1740 1526 1765 vero
1547 1725 1708 1775 exinde,

269 1795 376 1847 quod
401 1796 625 1845 plurimam
651 1805 805 1835 tantum
827 1800 1128 1850 provinciarum
1141 1803 1298 1847 partem
1317 1796 1460 1834 scribat
1479 1807 1503 1831 a
1520 1795 1710 1832 Romanis

269 1864 475 1911 amissam,
507 1863 683 1917 adeoque
701 1867 853 1904 stetisse
874 1864 1022 1915 adhuc,
1052 1865 1168 1903 rebus
1182 1862 1362 1902 nondum
1378 1876 1538 1915 prorsus
1555 1864 1710 1901 exstin-

273 1931 368 1979 ctis,
398 1931 573 1982 aliquam
593 1933 751 1982 imperii
779 1934 973 1983 speciem,
1003 1933 1162 1983 colligat
1185 1932 1407 1982 inferatque
1426 1931 1470 1967 in
1492 1930 1606 1968 Italia
1624 1942 1710 1969 ser-

270 2003 381 2036 vatas
400 1998 522 2035 fuisse
542 1998 698 2048 imperii
721 1997 971 2037 occidentalis
996 2000 1109 2050 quasi
1129 1998 1315 2049 reliquias
1328 2025 1339 2045 ,
1360 1997 1468 2034 >alius
1486 1997 1597 2034 locus
1613 2009 1711 2047 pro-

269 2063 380 2103 hibet
391 2093 402 2113 ,
430 2066 473 2102 in
492 2077 569 2116 quo
582 2078 747 2114 prorsus
764 2066 953 2102 interiisse
971 2067 1026 2102 ait
1039 2066 1268 2116 imperium.
1286 2061 1350 2115 **)
1408 2064 1576 2101 alterum
1591 2076 1710 2114 argu-

270 2138 462 2181 mentum,
492 2130 599 2184 quod
619 2133 769 2169 Zosimi
785 2139 914 2183 potest
931 2139 1099 2169 aetatem
1117 2131 1291 2181 definire,
1320 2130 1397 2170 hoc
1417 2139 1499 2170 est:
1527 2134 1712 2171 Zosimus

271 2198 471 2249 professus
482 2227 493 2247 ,
521 2205 566 2236 ut
582 2199 770 2250 Polybius
791 2212 922 2236 rerum
939 2201 1206 2237 Romanarum
1224 2201 1463 2237 incrementa
1480 2200 1710 2247 narraverit,

273 2266 330 2302 ita
359 2278 402 2303 se
431 2264 646 2302 earundem
672 2268 827 2303 ruinam
856 2279 1078 2317 exponere,
1107 2268 1309 2319 utriusque
1335 2267 1419 2304 fere
1445 2266 1626 2304 fortunae
1655 2267 1712 2303 ita

274 2338 471 2384 exaequat
489 2339 645 2384 tempus
663 2339 707 2370 ut
726 2335 882 2370 ruinam
903 2334 1084 2371 similiter
1103 2347 1149 2371 ac
1167 2336 1407 2371 incrementa
1426 2335 1585 2385 imperii
1603 2331 1713 2371 haud

273 2399 392 2449 longo
421 2401 608 2450 temporis
629 2401 754 2451 spatio
773 2400 967 2438 inclusam
986 2401 1107 2439 fuisse
1131 2401 1288 2439 scribat.
1304 2398 1387 2452 ***)
1444 2402 1611 2453 Polybio
1639 2413 1713 2438 au-

274 2471 356 2502 tem
383 2479 504 2504 annos
533 2467 674 2519 quibus
703 2468 893 2505 creverint
913 2469 1070 2519 imperii
1090 2481 1152 2506 res
1173 2475 1404 2506 numerante
1428 2469 1714 2521 quinquaginta

275 2531 358 2568 fere
391 2540 430 2571 et
461 2540 560 2585 tres,
588 2535 793 2574 Zosimum
818 2535 934 2574 rebus
963 2536 1120 2587 imperii
1148 2533 1413 2574 occidentibus
1439 2526 1610 2574 eundem
1628 2535 1713 2572 fere

366 2677 408 2721 ⁴)
446 2679 469 2714 3
505 2680 562 2722 32,
607 2679 632 2715 4
667 2679 723 2716 59.
954 2680 1012 2725 ⁸·)
1048 2678 1072 2716 4
1107 2681 1162 2717 21.
1387 2656 1466 2726 ...j
1491 2680 1510 2714 1
1545 2680 1563 2713 1
1595 2681 1630 2712 et
1659 2676 1718 2713 57.
