1734 3002
693 90 1013 137 PRAEFATIO.
1495 103 1574 136 xm

145 212 231 256 rum
257 211 456 263 codicem,
483 212 729 263 Palatinum,
757 225 878 267 quem
899 227 922 251 e
939 211 1140 266 Baptistae
1159 212 1317 264 Egnatii
1334 211 1572 253 bibliotheca

142 285 358 337 profectum
374 280 611 320 bibliotheca
628 278 991 333 Heidelbergensis,
1019 287 1230 334 antequam
1246 283 1414 320 Romam
1430 279 1573 334 depor-

141 358 222 390 tata
237 352 337 400 fuit,
365 349 564 398 servabat,
592 349 825 400 Sylburgius
845 349 1032 387 contulitx
1059 347 1215 387 videtur
1233 349 1302 386 ille
1318 350 1482 388 laxioris
1501 363 1571 387 m-

143 432 208 457 rae
226 424 266 456 et
282 416 510 468 dlligentiae
532 416 735 454 librarium
755 414 952 455 habuisse.
1007 423 1173 469 uterque
1194 423 1350 465 tamen,
1378 418 1475 454 item
1502 430 1572 455 co-

142 486 223 525 dex
247 482 509 524 bibliothecae
536 484 820 533 Coislinianae,
849 497 939 522 cum
965 483 1007 521 in
1037 484 1095 523 eis
1118 485 1197 522 sint
1215 482 1378 522 eaedem
1393 484 1571 534 lacunae,

77 540 84 547 ·
140 567 195 592 ex
217 566 297 592 uno
320 551 538 605 eodemque
562 549 695 589 codice
719 552 884 603 profecti
899 549 1064 603 putandi
1079 557 1183 590 sunt.
1239 558 1457 589 ceterorum
1478 562 1572 589 vero

141 611 340 669 codicum,
368 630 536 672 quormn
562 618 694 670 aliqua
720 619 762 655 in
784 618 927 670 vulgus
956 625 1106 657 constat
1133 618 1291 668 notitia,
1320 617 1492 656 indicem
1518 630 1571 655 ex

139 687 441 727 Montesalconio
466 692 506 724 et
529 686 618 724 aliis
635 685 746 723 libris
764 685 985 723 confectum
1006 684 1072 724 hic
1095 686 1286 724 subiicere
1305 696 1384 724 non
1406 685 1571 737 pigebit,

139 763 183 795 ut
213 763 253 794 et
277 761 465 809 quantam
491 751 741 792 succurrendi
763 753 922 791 Zosimo
943 754 1075 792 critica
1096 767 1169 806 ope
1187 766 1300 805 spem
1317 753 1423 791 alere
1438 753 1570 800 liceat,

139 830 179 863 et
195 823 338 878 quibus
357 823 399 860 in
420 822 517 860 locis
536 821 731 859 auxilium
747 819 1017 874 quaerendum
1036 823 1087 860 uit
1097 850 1109 871 ,
1137 827 1301 860 constet.

247 892 294 928 In
321 888 443 927 Italia
470 888 714 940 reperiuntur

192 961 232 1000 1.
266 957 394 996 Codex
415 954 667 993 bibliothecae
693 955 922 995 Vaticana.
982 954 1064 995 vid.
1091 956 1344 995 Montfauoon
1358 953 1461 991 Bibl.
1480 953 1569 990 Ma-

245 1038 375 1064 nuzcr.
390 1029 421 1061 t.
437 1023 464 1065 2
479 1037 519 1075 Ρ.
538 1024 564 1064 8
579 1024 624 1061 C.

190 1097 231 1135 2.
265 1091 392 1130 Codex
407 1089 503 1127 bibl.
524 1090 819 1128 Laurentianae
832 1091 1047 1129 Mecliceae.
1107 1091 1268 1129 Pluteus
1278 1093 1345 1138 70,
1365 1087 1492 1127 codex
1502 1091 1569 1135 22,
1594 1101 1630 1135 p.
1655 1097 1693 1121 x!

240 1159 458 1197 membran.
514 1157 606 1195 libri
635 1157 661 1198 5
699 1171 789 1195 cum
814 1157 974 1195 scholia.-
1000 1157 1236 1211 quibusdam
1263 1156 1314 1194 ad
1339 1158 1572 1208 marginem,

245 1226 375 1279 (quae
403 1223 554 1276 scholia
581 1224 748 1262 fortasse
765 1222 906 1262 eadem
926 1238 1016 1263 cum
1036 1226 1320 1277 marginalibus
1335 1224 1571 1262 lectionibus

243 1292 524 1332 Leunclaviani
556 1290 701 1329 codicis
724 1298 835 1340 sunt,
865 1297 904 1328 et
926 1293 960 1330 si
983 1305 1045 1330 res
1065 1293 1119 1329 ita
1137 1293 1209 1340 sit,
1238 1290 1343 1329 unde
1370 1291 1570 1329 Leuncla-

212 1351 215 1353 ⁵
244 1363 331 1400 vius
356 1358 531 1399 codicem
556 1371 691 1406 suum,
721 1359 791 1411 qui
811 1371 864 1396 ex
881 1359 994 1396 ltalia
1013 1365 1115 1407 erat,
1144 1366 1348 1410 acceptum
1373 1357 1569 1408 habuerit,

243 1426 390 1467 indicio
411 1426 524 1464 nobis
542 1439 627 1464 esse
642 1425 868 1476 poterunt).
924 1427 1177 1464 Montfaucon
1200 1427 1229 1463 1.
1252 1440 1285 1463 c.
1304 1440 1346 1478 p.
1364 1428 1446 1469 378
1460 1427 1512 1464 D.
1634 1411 1637 1414 Α

189 1499 230 1538 8.
264 1495 391 1533 Codex
416 1493 511 1532 bibl.
548 1495 715 1532 Venetae
736 1493 781 1530 S.
802 1493 941 1530 fflarci
960 1494 1011 1535 13
1031 1509 1069 1546 y.
1128 1492 1376 1532 Herodianus
1403 1500 1443 1531 et
1467 1495 1569 1532 Bos-

239 1560 344 1601 mius
373 1560 589 1614 (Zosimus)
624 1561 667 1597 in
686 1573 937 1612 pergameno.
992 1560 1244 1597 montfaucon
1262 1561 1291 1598 1.
1310 1574 1344 1598 c.
1364 1574 1405 1612 p.
1423 1560 1503 1601 472
1519 1562 1571 1598 A.

173 1617 175 1620 Ι
242 1630 475 1668 Laurentius
503 1626 735 1679 Theupolus
767 1627 836 1678 (iu
860 1627 957 1665 bibl.
981 1627 1025 1666 S.
1044 1628 1167 1664 Marci
1190 1630 1241 1668 17
1243 1626 1296 1668 40
1315 1628 1385 1665 fol.
1402 1641 1443 1679 p.
1463 1627 1569 1677 193)

242 1697 422 1749 designat
441 1694 616 1734 codicem
634 1696 715 1736 390
735 1695 778 1732 in
797 1693 845 1744 4,
873 1694 1237 1743 membranaceum,
1266 1693 1453 1733 foliorum
1473 1694 1567 1743 158,

240 1765 386 1803 saeculi
402 1763 553 1800 circiter
571 1760 639 1802 15.

186 1833 227 1869 in
257 1830 397 1868 Gallia

185 1897 227 1939 4.
262 1897 390 1935 Codex
407 1897 501 1934 bibl.
528 1896 805 1935 coislinianae.
837 1898 884 1934 P.
903 1899 922 1938 1
947 1911 987 1948 Ρ.
1002 1894 1098 1936 214.
1125 1893 1211 1932 cod.
1229 1895 1329 1944 150,
1360 1895 1455 1933 olim
1472 1897 1566 1944 368,

241 1966 522 2017 bombycinus,
554 1964 607 2006 15
635 1964 802 2011 saeculi,
831 1961 950 2001 habet
979 1963 1073 2000 folia
1099 1963 1202 2003 651:
1240 1962 1422 2014 Dionysii
1451 1964 1567 2000 Hali-

242 2033 437 2071 carnassei
454 2033 622 2069 Roman.
639 2032 775 2082 Antiq.
794 2030 886 2067 libri
906 2033 955 2072 11
975 2036 1014 2067 et
1028 2030 1178 2067 Zosimi
1197 2027 1358 2067 historIa
1377 2031 1448 2068 fol.
1469 2030 1567 2071 523.

221 2106 333 2136 ‘cum
362 2097 428 2136 hic
459 2097 586 2135 codex
606 2111 659 2135 ex
677 2096 818 2135 eodem
844 2098 1062 2149 exscriptus
1084 2098 1135 2134 sit
1154 2095 1287 2134 codice
1307 2111 1359 2134 ex
1380 2111 1458 2150 quo
1480 2096 1565 2134 edi-

241 2166 388 2214 tiones,
417 2164 751 2218 quemadmodum
772 2178 825 2202 ex
843 2163 1100 2202 similitudine
1126 2162 1307 2201 biamum
1325 2165 1459 2214 colligi
1478 2170 1567 2214 pot-

243 2238 324 2280 est,
353 2239 584 2270 emanarunt
606 2245 763 2280 omnes,
791 2244 936 2283 paucas
959 2230 1100 2279 modo,
1132 2238 1175 2268 ut
1194 2233 1382 2282 suspicari
1404 2245 1475 2282 par
1496 2237 1569 2278 est,

242 2297 405 2336 exhibet
419 2299 633 2336 lectionum
650 2299 872 2336 varietates.
911 2298 1024 2336 conf:
1033 2299 1286 2336 Montfaucon
1305 2306 1334 2336 t.
1351 2303 1369 2340 1
1391 2312 1431 2349 p.
1445 2299 1568 2339 1057.

187 2369 227 2410 5.
262 2366 391 2404 Codex
406 2366 507 2403 alter
522 2366 691 2403 eiusdem
706 2365 971 2403 bibliothecae.
1002 2365 1255 2403 Montfaucon
1268 2373 1296 2402 t.
1311 2367 1332 2405 1
1345 2379 1385 2415 p.
1402 2364 1505 2405 1042
1515 2365 1567 2402 D.

186 2437 227 2476 6.
260 2433 390 2470 Codex
427 2433 681 2471 bibliothecae
720 2433 874 2484 Regiae
911 2433 1151 2470 Parisicnsis·
1186 2434 1318 2472 2078:
1358 2429 1567 2481 Nicephori

242 2501 440 2551 Gregorae
457 2500 643 2540 historiae
662 2503 775 2539 Rom.
795 2513 887 2552 pars
905 2501 1056 2552 prima3
1084 2499 1234 2537 Zosimi
1254 2496 1391 2535 histor.
1412 2498 1504 2535 libri
1521 2499 1563 2542 5.

241 2568 493 2606 montfaucon
512 2576 541 2606 t.
562 2569 586 2608 1
607 2581 647 2619 p.
664 2570 746 2609 728
763 2567 808 2604 C.

184 2639 226 2677 7.
259 2635 387 2672 OEdex
414 2634 495 2677 525
522 2634 774 2672 bibliothecae
800 2635 1035 2672 Alsenos-terii
1067 2633 1111 2670 S.
1144 2630 1322 2682 Remigii
1338 2630 1560 2677 Remenmzs,

240 2702 510 2754 bombycinus,
544 2705 595 2744 16
614 2702 774 2752 saecun,
801 2701 892 2739 libri
912 2701 952 2743 5.
998 2699 1251 2736 montfaucon
1267 2705 1296 2736 t.
1308 2697 1331 2738 1
1343 2710 1383 2749 Ρ.
1396 2699 1501 2740 1289
1510 2700 1559 2736 E.
