1812 3016
255 88 277 133 1
285 87 347 133 86
874 83 1067 132 ZOSIMI

247 199 445 254 βασιλέως
470 199 637 245 ε’δεόντο.
705 206 776 244 τοῦ
803 202 846 244 δὲ
872 201 943 244 οὔκ
970 200 1283 256 ἂποσεισαμίνου
1303 201 1377 259 τὴν
1402 201 1578 259 αἶ’τησιν,
1607 202 1687 260 {yl-

247 287 361 311 νοντο
391 272 558 312 σπονδαὶ
579 270 638 325 μὴ
669 268 1005 324 καταισχύνουσαι
1034 270 1106 325 τὴν
1120 268 1326 325 Ῥωμαίων
1353 271 1538 322 ἀξίωσιν·
1561 270 1686 315 ἐδόκει

248 338 325 394 γὰρ
353 336 575 392 Ῥωμαίους
605 339 678 392 μὲν
715 337 815 392 ἔχειν
840 339 942 392 μετὰ
973 336 1104 393 πάσης
1136 338 1359 395 ἀσφαλείας
1384 338 1460 382 ὅσα
1495 338 1686 396 πρότερον

249 404 376 459 εἶχον,
409 405 634 463 βαρβάροις
662 424 703 448 τε
734 407 959 462 ἀπέγνωστο
984 406 1042 461 μὴ
1071 411 1336 462 περαιοῦσθαι
1352 408 1455 462 μηδὲ
1472 406 1574 457 ὅλως
1591 408 1685 450 ποτὲ

249 481 332 524 τοῖς
353 472 560 528 Ῥωμαίων
585 475 796 528 ἐπιβαίνειν
824 473 959 530 ὁρίοις.
1026 473 1175 529 ταύτην
1201 473 1466 529 ποιησάμενος
1486 475 1558 529 τὴν
1577 473 1717 531 ἀρνὶ-5

248 559 318 596 νην
337 544 392 591 εἷς
407 542 480 597 τὴν
497 540 918 584 Κωνσταντινοῦπολιν
951 542 1170 598 ἀφικνεῖται
1180 574 1193 594 ,
1228 541 1532 597 τελευτήσαντος
1553 543 1596 584 δὲ
1612 547 1684 585 τοῦ

245 614 317 663 τῆς
335 610 460 664 αὐλῆς
480 608 662 667 ὖπάρχου
690 611 893 668 Μοδέστῳ
914 609 1062 665 ταύτην
1082 611 1333 667 παραδίδωσι
1354 610 1426 664 τὴν
1445 609 1584 667 ἀρχήν.
1618 612 1684 652 καὶ

244 682 374 719 ταῦτα
420 676 524 720 οὕτω
571 677 871 734 διοικησάμενος
915 678 978 720 ἐπὶ
1027 678 1098 721 τὸν
1143 678 1246 720 κατὰ
1300 681 1474 735 Περσῶν
1505 678 1683 734 ἠπείγετο

243 743 431 800 πόλεμον.

383 813 458 857 12.
517 811 669 863 ’Όντος
696 813 739 855 δὲ
765 813 806 856 ε’ν
838 818 1110 870 παρασκευαῖς
1132 810 1277 864 αὐτοῦ,
1315 811 1640 862 Οὗαλεντινιανὸς
1659 810 1739 857 ὖ10

242 881 434 934 βασιλεὺς
458 881 509 923 τὰ
540 882 628 937 περὶ
663 881 758 931 τοὺς
787 880 1022 936 Γερμανοὺς
1048 874 1090 922 εὖ
1121 881 1357 934 διαθέμενος
1381 878 1498 937 ᾠήθη
1522 883 1602 922 δεῖν
1615 882 1682 922 καὶ

243 953 315 1002 τῆς
350 950 406 998 εἷς
430 949 476 991 τὸ
506 949 653 1003 μέλλον
680 949 902 1005 ἀσφαλείας
928 953 1009 991 τῶν
1038 950 1241 990 Κελτικῶν
1273 948 1404 990 ἐθνῶν
1433 946 1683 1002 ποιήσασθαι

243 1014 445 1072 πρόνοιαν.
513 1018 695 1058 νεολαίαν
723 1011 793 1059 οἶν
811 1015 871 1058 ὅτι
894 1017 1078 1070 πλείστην
1099 1016 1298 1073 ἀθροίσας
1322 1015 1364 1057 ἔκ
1385 1033 1426 1058 τε
1452 1020 1532 1058 τῶν
1555 1033 1680 1072 προσ-

243 1082 456 1126 οικούντων
489 1089 548 1141 τῷ
568 1082 694 1142 Ῥήνῳ
714 1083 937 1141 βαρβάρων
955 1087 1021 1126 καὶ
1042 1085 1084 1125 ἔκ
1104 1088 1183 1126 τῶν
1203 1085 1244 1125 ἓν
1262 1090 1344 1134 τοῖς
1364 1081 1443 1125 ὑπὸ
1461 1081 1682 1137 Ῥωμαίους

242 1151 374 1193 ἔθνεσι
396 1156 600 1208 γεωργῶν,
634 1159 718 1202 τοῖς
738 1158 1035 1209 στρατιωτικοῖς
1053 1152 1313 1207 ἕγκαταλὲξας
1334 1149 1533 1206 τάγμασιν
1553 1151 1680 1200 οὕτως
1692 1163 1735 1198 15

242 1219 389 1269 αὐτοὺς
404 1219 593 1274 ἐξήσκησε·
614 1219 665 1262 τὰ
690 1221 859 1274 πολέμια
881 1219 981 1262 ὥστε
1006 1218 1121 1276 φόβῳ
1141 1224 1212 1274 τῆς
1234 1221 1322 1276 περὶ
1346 1219 1398 1261 τὰ
1419 1223 1584 1261 τοιαῦτα
1601 1223 1680 1261 τῶν

240 1292 496 1343 στρατιωτῶν
520 1288 685 1342 μελέτης
707 1290 772 1329 καὶ
796 1289 934 1344 πείρας
960 1288 1070 1329 ε’ννεά
1093 1288 1187 1337 τούς
1207 1286 1360 1336 πάντας
1378 1287 1581 1336 ἐνιαυτοὺς
1597 1304 1679 1341 μη-

242 1355 334 1395 δένα
357 1359 436 1396 τῶν
457 1353 556 1411 ὑπὲρ
578 1355 645 1396 τὸν
661 1353 799 1408 Ῥῆνον
819 1362 907 1405 ταῖς
933 1353 1010 1396 ὕπὸ
1032 1353 1254 1408 Ῥωμαίους
1273 1353 1433 1396 πόλεσιν
1454 1355 1679 1408 ἐνοχλῆσαι.

239 1422 343 1463 κατὰ
375 1421 486 1464 τόνδε
519 1422 587 1464 τὸν
612 1421 758 1478 χρόνον
792 1420 1128 1473 Οὖαλεντινιανός,
1160 1420 1226 1463 διά
1249 1439 1337 1463 τινα
1357 1420 1679 1476 πλημμελήματα

239 1490 311 1543 τὴν
339 1490 608 1545 Βρεττανικὴν
635 1495 756 1544 νῆσον
785 1492 903 1533 οἰκεῖν
931 1491 1179 1541 κελευσθείς,
1220 1489 1452 1542 ἐπιθέμενος
1474 1491 1732 1545 τυραννίδιῆο

237 1558 484 1600 συναπέθετο
503 1556 627 1613 ταύτῃ
648 1558 716 1600 τὸν
732 1559 835 1611 βίον.
907 1559 1221 1614 Οὗαλεντινιανῷ
1242 1559 1285 1598 δὲ
1306 1560 1364 1614 τῷ
1387 1560 1550 1610 βασιλεῖ
1561 1555 1677 1606 νόσος

237 1625 475 1680 ἐνέσκηψεν,
508 1625 594 1680 ἣτις
625 1625 747 1668 αὐτὸν
778 1626 889 1683 παρὰ
914 1625 1048 1682 βραχὺ
1078 1629 1151 1667 τοῦ
1168 1626 1259 1678 βίου
1278 1625 1528 1679 μετέστησεν.
1593 1625 1676 1666 ἐπεὶ

330 1754 372 1788 18
397 1749 601 1796 Ῥωμαίους
626 1755 670 1788 S.-
699 1754 778 1788 libri
799 1749 999 1797 Ῥωμαίων.
1181 1754 1224 1788 19
1255 1752 1427 1787 Ammiano
1457 1752 1677 1793 Valentinum

325 1799 473 1832 nonnulli
497 1804 607 1832 tamen
633 1799 703 1833 eius
729 1799 882 1843 codices,
905 1805 942 1834 et
962 1799 1185 1846 Hieronymus
1202 1799 1268 1833 hoc
1281 1809 1422 1842 nomen,
1444 1802 1484 1833 ut
1509 1796 1674 1840 Zosimus,

324 1844 485 1888 scriptum
505 1845 672 1880 exhibent.
695 1845 740 1879 R.

234 1951 317 1986 tudo
335 1952 509 1997 periisset,
531 1954 653 1998 reliqui
679 1965 795 2000 pacem
819 1954 862 1988 ab
884 1953 1087 1998 imperatore
1108 1953 1270 1999 petebant
1285 1953 1462 1999 supplices.
1506 1953 1539 1987 id
1555 1955 1674 1999 postu-

233 1998 336 2031 latum
352 1997 408 2031 ille
425 2009 497 2032 cum
514 2011 579 2032 non
595 1999 778 2043 reiecisset,
798 2011 862 2045 pax
876 2000 969 2032 facta
987 1999 1061 2042 fuit,
1084 2011 1171 2044 quae
1187 1999 1309 2032 nullum
1325 1998 1487 2032 maiestati
1502 1999 1672 2033 Romanae

234 2043 377 2075 dedecus
402 2043 530 2076 attulit:
554 2055 629 2077 nam
653 2044 807 2089 utrinque
829 2045 955 2089 placuit
978 2049 1015 2078 ut
1030 2045 1160 2078 omnino
1175 2044 1317 2078 Romani
1331 2054 1448 2077 secure
1462 2043 1673 2088 possiderent

235 2099 298 2129 ea,
325 2098 541 2132 quaecunque
563 2088 656 2133 prius
679 2095 776 2122 erant
799 2089 834 2122 in
857 2100 972 2122 eorum
997 2094 1187 2134 potestate3
1210 2089 1428 2132 barbarisque
1450 2088 1517 2121 fuit
1530 2088 1672 2122 interdi-

235 2138 324 2165 ctum
349 2144 390 2166 ne
414 2133 646 2166 transiicerent
667 2145 754 2167 neve
777 2145 914 2178 prorsus
937 2145 1080 2178 unquam
1104 2136 1271 2168 Romanos
1291 2133 1379 2167 intra
1394 2134 1478 2166 fines
1490 2134 1670 2169 irruerent.

233 2178 295 2211 hac
310 2188 395 2222 pace
408 2178 498 2211 sacta
513 2178 643 2222 Cpolim
660 2179 890 2223 proficiscitur.
936 2183 972 2212 et
995 2179 1073 2223 quia
1094 2180 1282 2225 praefectus
1297 2178 1458 2223 praetorii
1473 2178 1559 2212 diem
1574 2189 1668 2212 suum

232 2223 266 2255 in
287 2222 384 2256 terris
408 2233 595 2266 supremum
617 2224 802 2267 clauserat,
826 2224 980 2257 Modesto
1003 2225 1228 2267 magistratum
1251 2224 1338 2257 hunc
1355 2223 1478 2265 tradit3
1501 2228 1603 2268 atque
1617 2223 1670 2257 his

231 2267 266 2300 in
281 2268 367 2301 hunc
383 2268 514 2301 modum
530 2267 764 2303 administratis
779 2269 820 2301 ad
835 2269 956 2302 bellum
973 2275 1089 2302 contra
1102 2270 1224 2303 Persas
1239 2269 1420 2312 gerendum
1434 2272 1608 2313 properat.

325 2314 378 2348 12.
423 2313 461 2346 In
486 2312 557 2346 eius
582 2318 747 2358 apparatu
773 2314 849 2346 dum
874 2319 1067 2359 occupatur,
1090 2314 1338 2348 Valentinianus
1352 2314 1542 2360 imperator,
1569 2314 1668 2347 rebus

231 2357 440 2391 Germanicis
454 2363 547 2391 recte
561 2358 759 2399 constitutis,
775 2358 809 2391 in
825 2360 973 2392 futurum
990 2369 1123 2404 quoque
1136 2364 1267 2404 tempus
1282 2358 1453 2393 securitati
1465 2358 1666 2392 celticorum

230 2403 401 2436 nationum
419 2403 610 2448 prospicere
631 2414 668 2436 se
690 2403 813 2437 debere
833 2404 1012 2437 arbitratus
1026 2411 1090 2438 est.
1135 2409 1343 2457 quapropter
1357 2403 1497 2438 maxima
1510 2403 1668 2437 iuvenum

231 2448 443 2482 multitudine
461 2452 530 2482 tum
553 2448 595 2481 de
617 2448 768 2481 barbaris
791 2449 898 2482 Rheni
923 2449 1046 2482 accolis
1063 2456 1131 2483 tum
1147 2451 1188 2482 de
1201 2450 1424 2483 subiectarum
1439 2448 1579 2494 imperio
1591 2448 1666 2481 Ro-

231 2504 327 2526 mano
346 2493 492 2536 gentium
515 2493 672 2537 agricolis
703 2493 844 2527 collecta
871 2493 1082 2538 numerisque
1107 2494 1303 2528 militaribus
1327 2494 1510 2538 adscripta,
1533 2492 1583 2526 sic
1605 2503 1664 2526 eos

230 2537 358 2572 bellicis
378 2538 412 2571 in
438 2539 539 2572 rebus
565 2538 724 2580 exercuit,
747 2542 786 2571 ut
806 2539 922 2571 horum
946 2538 1082 2573 militum
1107 2539 1356 2573 exercitationis
1378 2544 1414 2572 et
1438 2537 1666 2582 experientiae

230 2588 319 2616 metu
346 2587 437 2617 totos
461 2594 580 2618 novem
606 2594 712 2617 annos
738 2594 834 2617 nemo
860 2584 1171 2617 transrhenanorum
1193 2585 1344 2618 subiecta
1362 2582 1519 2618 Romanis
1540 2582 1664 2627 oppida

230 2628 370 2662 vexarit.
416 2628 450 2661 in
474 2629 539 2663 hoc
561 2634 714 2673 tempore
733 2628 981 2662 Valentinianus
1007 2629 1149 2672 quidam,
1171 2628 1365 2662 delictorum
1380 2627 1583 2672 quorundam
1602 2638 1663 2661 no-

231 2672 317 2704 mine
332 2673 500 2716 relegatus
515 2674 548 2707 in
564 2674 699 2707 insulam
715 2672 934 2715 Britanniam,
959 2674 1136 2717 tyrannide
1160 2674 1320 2707 affectata
1341 2673 1443 2706 vitam
1457 2684 1529 2706 cum
1546 2672 1662 2706 eadem

230 2716 349 2752 amisit.
394 2718 575 2764 imperator
590 2723 701 2754 autem
717 2718 968 2753 Valentinianus
981 2719 1096 2753 morbo
1114 2724 1287 2765 correptus
1309 2723 1383 2761 est,
1405 2729 1472 2763 quo
1491 2719 1563 2752 vita
1581 2728 1662 2764 pro-
