1812 3016
266 61 294 105 3
305 61 363 107 12
889 65 1085 110 ZOSIMI

265 175 390 233 ματίᾳ
419 172 578 217 πάντων
603 173 811 231 ἡγεῖσθαι,
855 174 952 219 ὄντα
983 177 1205 234 στρατηγὸν
1236 179 1304 219 καὶ
1340 182 1419 221 τῶν
1451 178 1584 222 ἄλλων
1619 179 1706 225 ὅσοι

266 243 466 284 ῙΙαιονίαν
491 259 533 286 τε
559 244 630 298 τὴν
653 243 736 286 ἄνω
757 246 822 286 καὶ
843 246 1055 301 Νωρικοὺς
1076 248 1142 288 καὶ
1159 244 1340 295 Ῥαιτοὺς
1363 245 1604 303 ἐφύλαττον,
1638 251 1706 291 καὶ

267 310 344 352 ὅσα
365 311 496 352 αὐτῶν
513 312 630 367 μέχρι
652 315 731 354 τῶν
745 311 932 356 Ἄλπεων.
998 307 1047 367 ἦν
1070 315 1113 356 δὲ
1134 312 1154 355 ὁ
1177 315 1216 354 Γ
1213 314 1383 369 ενέριδος
1402 313 1613 372 βάρβαρος
1632 318 1706 370 μὲν

269 379 313 420 τὸ
344 379 478 433 γένος,
511 379 580 421 τὸν
603 380 645 421 δὲ
668 378 814 435 τρόπον
836 382 891 430 εἷς
915 379 994 422 πᾶν
1017 382 1159 436 ἀρετῆς
1182 379 1285 430 εἶδος
1306 375 1350 423 εὖ
1373 381 1578 439 πεφυκώς,
1601 401 1706 441 χρη-

266 445 407 500 μάτων
426 463 467 489 τε
485 446 751 502 ἅδωρότατος.
821 442 937 498 οὗτος
959 448 1014 491 ἔτι
1035 456 1117 499 τοῖς
1135 447 1336 505 πατρῴοις
1354 451 1530 503 ἐμμένων
1550 453 1617 493 καὶ
1636 457 1739 506 τῆς5

269 516 324 563 εἷς
349 514 471 564 θεοὺς
494 517 713 569 θρησκείας
735 517 918 570 ἐκστῆναι
941 517 1013 558 οὐκ
1036 516 1291 571 ἀνεχόμενος,
1325 518 1458 573 ἐπειδὴ
1483 517 1605 572 νόμος
1624 523 1706 562 εἶσ-

267 580 378 636 ήχθη
413 589 496 632 τοῖς
522 583 594 625 οὐκ
624 578 712 625 οὖσι
746 586 1006 639 Χριστιανοῖς
1039 583 1163 640 ζώνην
1193 586 1233 626 ἓν
1263 591 1346 635 τοῖς
1369 588 1586 639 βασιλείοις
1607 588 1708 641 ἔχειν

268 648 539 705 ἀπαγορεύων,
563 649 706 693 τούτου
727 657 796 693 τοῦ
811 650 936 705 νόμου
952 653 1137 702 τεθέντος
1156 653 1282 708 ἀρχῆς
1302 654 1343 695 ἓν
1365 658 1415 710 τῇ
1430 652 1563 711 Ῥώμῃ
1581 673 1708 712 στρα-

266 722 450 771 τιωτικῆς
469 719 671 774 προεστὼς
688 716 708 759 ὅ
729 721 768 759 Γ
765 719 936 775 ενέριὸος
956 719 1101 773 ὲζιιεινεν
1121 720 1185 764 ἐπ’
1212 721 1336 772 οἴκου,
1370 721 1441 775 τὴν
1463 721 1587 776 ζώνην
1605 724 1708 765 ἀπο-

267 786 449 837 θέμενος.
515 787 596 827 ἐπεὶ
618 787 661 828 δὲ
682 784 702 827 ὁ
724 787 915 841 βασιλεὺς
939 786 1006 829 οἷα
1028 789 1077 841 δὴ
1095 794 1178 838 τοῖς
1192 788 1360 844 ἄρχουσι
1378 789 1706 845 συναριθμούμε-
1719 800 1764 843 10

267 869 335 894 νον
363 850 504 908 ἀπῄτει
526 854 701 908 προϊέναι
727 855 830 896 κατὰ
851 855 923 909 τὴν
945 858 1090 898 οἰκείαν
1112 854 1223 906 τάξιν
1248 858 1303 905 εἷς
1324 857 1374 898 τὰ
1396 859 1606 911 βασίλεια,
1639 857 1709 900 νό-

266 936 344 973 μον
366 917 511 975 ἴφηάεν
532 919 630 963 εἶναι
647 921 852 965 κωλύοντα
876 921 1000 979 ζώνην
1020 923 1140 977 αὐτὸν
1159 924 1260 978 ἔχειν
1274 923 1301 979 ἢ
1318 922 1422 974 ὅλως
1438 933 1521 975 τοῖς
1539 925 1708 983 ἄρχουσι

267 988 559 1043 καταλέγεσθαι
582 989 675 1039 τοὺς
700 990 771 1044 τὴν
796 994 875 1034 τῶν
895 986 1153 1048 Χρισῐῖανιῦν
1176 991 1234 1046 μὴ
1256 996 1454 1046 τιμῶντας
1480 996 1709 1050 θρησκείαν.

266 1061 338 1098 τοῦ
366 1056 408 1098 δὲ
431 1058 629 1110 βασιλέως
650 1056 828 1108 εἰπόντος
851 1056 906 1108 ὥς
927 1061 988 1101 ἐπὶ
1007 1061 1080 1114 μὲν
1099 1067 1182 1110 τοῖς
1202 1059 1338 1110 ἄλλοις
1356 1060 1481 1105 ἅπασι
1503 1061 1572 1105 τὸν
1586 1060 1708 1116 νόμον

266 1130 449 1179 κρατεῖν,
483 1125 550 1167 ἐπ’
585 1125 710 1168 αὐτοῦ
743 1127 786 1168 δὲ
817 1127 946 1170 οὐκέτι
975 1131 1154 1171 τοσαῦτα
1182 1132 1254 1183 τῆς
1278 1131 1476 1179 πολιτείας
1497 1132 1764 1186 monnau-15

267 1189 493 1242 νεύσαντος,
527 1191 676 1247 ταύτης
697 1194 768 1235 οὐκ
791 1195 1003 1248 ἀνέχεσθαι
1022 1200 1094 1250 τῆς
1111 1200 1230 1250 τιμῆς
1247 1194 1364 1248 εἶπεν,
1399 1199 1455 1248 εἷς
1471 1197 1590 1254 ὕβριν
1607 1196 1710 1240 πάν-

265 1276 346 1301 των
380 1258 581 1315 φερούσης
604 1266 683 1303 τῶν
709 1261 796 1303 ὅσοι
826 1268 897 1318 τῆς
928 1266 1135 1319 στρατείας
1157 1264 1226 1307 διὰ
1246 1264 1315 1306 τὸν
1333 1262 1460 1318 νόμον
1477 1264 1712 1322 διήμαρτον.

267 1330 334 1368 καὶ
365 1327 437 1368 oin
470 1327 601 1377 ἄλλως
632 1328 867 1384 ἀντελάβετο
898 1335 969 1385 τῆς
995 1332 1145 1387 ἀρχῆς,
1181 1332 1255 1381 ἕως
1279 1329 1301 1373 ὅ
1323 1333 1514 1386 βασιλεὺς
1537 1335 1650 1376 aido?
1667 1350 1711 1376 τε

267 1393 353 1446 ἅμα
385 1395 451 1435 καὶ
474 1397 591 1455 χρεία
617 1396 923 1451 συνωθούμενος
942 1398 1111 1441 ἔπαυσεν
1135 1400 1195 1441 ἐπὶ
1217 1403 1316 1442 πᾶσι
1338 1400 1406 1443 τὸν
1425 1399 1571 1454 νόμον,
1606 1401 1710 1444 ἄπο-

267 1461 363 1511 (ἳούς
390 1459 544 1520 ἑκάστῳ
573 1468 644 1518 τῆς
674 1464 799 1507 αὐτοῦ
826 1464 909 1507 ὄντι
942 1464 1061 1520 δόξης
1090 1466 1225 1522 ἄρχειν
1250 1483 1291 1509 τε
1313 1469 1380 1508 καὶ
1404 1467 1765 1524 ammaim-&anzo

265 1529 345 1570 ἀπὸ
380 1528 527 1585 ταύτης
558 1528 790 1588 ὁρμώμενος
820 1538 891 1588 τῆς
919 1532 1274 1592 μεγαλοφροσύνης
1299 1536 1341 1576 Γ
1336 1535 1507 1592 ενέριδος
1531 1537 1710 1590 συνεχέσι

356 1647 379 1681 3
403 1643 423 1680 ὁ
448 1645 592 1689 νὲριδος
616 1649 653 1686 Ρ.
837 1651 880 1685 14
903 1647 954 1690 ὦς
975 1651 1104 1685 inclusa
1126 1651 1234 1687 locum
1259 1652 1383 1686 habere
1404 1664 1467 1686 non
1493 1657 1622 1698 potest,
1647 1652 1710 1686 nisi

357 1693 538 1727 mutatione
555 1693 588 1726 in
605 1694 820 1738 sequentibus
837 1697 928 1729 facta
944 1697 1092 1740 legamus
1111 1694 1131 1731 ὁ
1151 1695 1265 1740 νόμος
1279 1701 1414 1739 κρατεῖ.
1437 1701 1474 1732 δ’.
1521 1700 1565 1732 cf.
1582 1696 1632 1737 ὠς
1649 1696 1710 1732 ἐπὶ.

355 1749 379 1782 p
407 1738 449 1771 41
479 1741 521 1772 10
538 1744 571 1771 et
586 1739 629 1773 57
652 1742 719 1782 21,
745 1737 795 1779 (ὃς
818 1738 854 1779 ἐς
879 1754 911 1787 p.
929 1743 970 1775 91
1000 1743 1053 1778 19.
1192 1742 1234 1781 15
1259 1745 1494 1790 exspectabam
1517 1740 1580 1778 ἐπ’
1604 1741 1709 1791 αὐτῷ

358 1781 418 1817 32¹.-
441 1784 591 1830 sequitur
614 1790 724 1821 tamen
746 1785 1133 1830 προκινδυνεύσαντας.
1157 1788 1203 1826 Η,
1342 1789 1386 1826 16
1407 1786 1576 1835 ἀνέχεται
1596 1789 1667 1825 LP-

268 1881 377 1915 versis
405 1884 586 1927 praefecit,
615 1885 823 1931 eundemque
848 1892 1032 1921 ceterorum
1058 1888 1154 1923 etiam
1165 1914 1177 1931 ‚
1211 1889 1400 1935 quicunque
1421 1901 1483 1934 per
1503 1889 1711 1924 Pannoniam

268 1927 472 1971 superiorem
501 1934 536 1962 et
565 1929 708 1963 Noricos
733 1938 768 1965 et
792 1933 918 1966 Raetos
935 1938 971 1967 et
985 1933 1140 1978 quicquid
1157 1936 1271 1970 horum
1286 1939 1341 1968 est
1353 1946 1459 1980 usque
1474 1935 1514 1968 ad
1531 1935 1654 1979 Alpes,
1677 1935 1712 1968 iu

270 1972 446 2016 praesidiis
475 1978 587 2014 erant,
623 1975 737 2011 ducem
767 1978 947 2013 constituit.
994 1983 1095 2022 atque
1125 1980 1179 2015 hic
1209 1980 1400 2014 Gener-idus
1417 1985 1491 2013 erat
1507 1979 1562 2013 ille
1577 1979 1711 2024 quidem

269 2017 453 2056 barbarus,
488 2020 547 2051 sed
570 2019 679 2054 indole
703 2021 745 2054 ad
771 2023 913 2067 quodvis
930 2034 1035 2066 genus
1051 2024 1184 2059 virtutis
1201 2025 1374 2069 praeclara
1391 2024 1560 2069 praeditus
1576 2030 1612 2057 et
1626 2024 1711 2059 alie-

268 2061 422 2094 nissimus
446 2063 488 2095 ab
513 2065 666 2097 avaritia.
714 2067 769 2109 qui
796 2079 867 2100 cum
893 2068 1026 2112 patritia
1043 2069 1164 2104 ritibus
1178 2071 1287 2104 adhuc
1301 2070 1494 2103 inhaereret
1505 2081 1568 2104 nec
1583 2080 1603 2102 a
1619 2069 1711 2103 cultu

268 2107 365 2140 deum
379 2117 416 2139 se
431 2113 601 2150 pateretur
617 2109 758 2153 abduci,
780 2111 834 2144 lex
859 2114 1069 2155 promulgata
1084 2115 1166 2157 fuit,
1190 2126 1276 2158 quae
1291 2115 1325 2147 in
1341 2114 1417 2148 aula
1433 2113 1563 2157 cingulo
1579 2118 1713 2148 vetaret

268 2162 328 2184 eos
343 2151 391 2184 uti
407 2151 462 2195 qui
480 2151 660 2186 Christiani
674 2152 742 2188 >non
759 2163 880 2190 essent.
927 2168 967 2190 ea
982 2157 1057 2200 lege
1072 2158 1141 2191 lata
1154 2159 1356 2201 Generidus,
1378 2158 1434 2203 qui
1453 2169 1526 2192 cum
1540 2163 1712 2203 potestate

270 2196 426 2230 militibus
447 2197 569 2230 Romae
589 2204 656 2230 tum
673 2207 846 2243 praeerat,
870 2201 1000 2245 cingulo
1017 2203 1171 2246 deposito
1188 2203 1274 2236 domi
1287 2215 1325 2236 se
1339 2204 1512 2237 continuit.
1559 2215 1632 2238 cum
1649 2215 1711 2237 au-

271 2248 338 2274 tem
365 2242 520 2286 princeps
544 2243 585 2276 ab
611 2255 651 2275 eo
669 2251 803 2287 peteret
821 2253 876 2287 ut,
901 2247 1033 2290 quando
1049 2248 1081 2280 in
1098 2248 1349 2291 magistratuum
1365 2260 1500 2282 numero
1518 2255 1626 2291 esset,
1653 2260 1711 2282 οι·-

271 2286 348 2320 dine
370 2288 511 2331 locoque
525 2299 585 2320 suo
606 2288 646 2320 ad
664 2290 819 2331 palatium
836 2292 1033 2330 accederet,
1057 2292 1163 2336 legem
1179 2305 1252 2326 esse
1265 2294 1456 2338 respondit,
1480 2305 1568 2339 quae
1591 2294 1710 2347 cinqu-

270 2332 338 2364 lum
352 2332 477 2365 habere
492 2343 528 2365 se
543 2338 676 2366 vetaret
687 2360 696 2377 ,
729 2341 787 2368 aut
802 2335 889 2368 inter
904 2337 1119 2380 magistratus
1136 2338 1202 2371 ulla
1218 2339 1344 2373 ratione
1359 2339 1486 2373 censeri
1503 2338 1560 2384 qui
1575 2339 1712 2381 religio·

271 2387 345 2410 nem
365 2377 574 2412 christianam
591 2389 655 2412 non
672 2386 920 2414 venerarentur.
968 2382 1021 2415 hic
1036 2383 1091 2416 ubi
1105 2383 1304 2417 subiecisset
1319 2384 1474 2429 princeps
1490 2395 1562 2417 eam
1578 2384 1711 2428 quidem

270 2422 379 2465 legem
390 2447 401 2463 ‚
437 2422 477 2455 ad
495 2423 575 2457 alios
591 2423 677 2466 quod
694 2425 852 2458 attineret
863 2450 873 2466 ‚
907 2431 1014 2460 ratam
1036 2439 1129 2470 esse,
1152 2429 1211 2461 sed
1226 2429 1333 2472 ipsum
1347 2429 1404 2463 illa
1419 2440 1485 2463 non
1500 2429 1606 2462 teneri
1617 2454 1630 2471 ‚
1653 2428 1711 2473 qui

271 2471 399 2500 tantum
415 2478 475 2512 pro
491 2479 529 2501 re
544 2468 673 2513 publica
694 2469 915 2504 discriminum
935 2472 1091 2514 adiisset,
1115 2473 1289 2518 respondit
1304 2486 1341 2506 se
1357 2475 1514 2507 honorem
1532 2473 1624 2508 illum
1642 2485 1708 2507 nou

274 2512 446 2556 accipere,
471 2513 527 2557 qui
553 2513 595 2546 ad
622 2515 762 2548 omnium
788 2515 943 2549 tenderet
966 2516 1135 2558 iniuriam,
1158 2523 1321 2562 quotquot
1335 2519 1452 2552 militia
1466 2525 1607 2563 propter
1620 2518 1713 2552 hauc

273 2556 379 2599 legem
396 2558 527 2602 spoliati
545 2559 695 2593 fuissent.
741 2571 803 2593 nec
818 2571 934 2593 munus
950 2572 1042 2594 suum
1059 2563 1163 2607 obiit,
1187 2563 1293 2596 donec
1311 2563 1492 2608 imperator
1506 2563 1635 2607 pudore
1648 2574 1711 2608 pa-

273 2601 356 2634 riter
372 2606 407 2634 et
421 2603 621 2637 necessitate
637 2601 824 2649 compulsus
842 2606 946 2648 legem
962 2607 1046 2639 hanc
1061 2608 1094 2640 in
1111 2608 1259 2641 omnibus
1274 2609 1396 2642 irritam
1414 2620 1490 2642 esse
1504 2608 1611 2648 iussit,
1629 2619 1711 2642 con-

274 2657 367 2679 cesso
381 2647 488 2681 cuivis
505 2654 542 2681 ut
558 2649 743 2693 opinionem
759 2661 850 2683 suam
867 2651 1012 2684 ret-inens
1028 2658 1062 2685 et
1079 2653 1270 2694 magistratu
1287 2654 1482 2696 fungeretur
1497 2659 1530 2685 et
1545 2653 1712 2688 militaret.

274 2691 317 2724 ab
334 2692 397 2726 hac
412 2704 551 2728 exorsus
566 2695 835 2740 magnanimitate
854 2696 1044 2731 Generidus
1060 2698 1224 2733 continuis
1238 2699 1408 2733 laboribus
1423 2697 1544 2733 milites
1559 2703 1712 2740 exercet3
