1812 3016
425 117 862 163 COMMENTARIUS
892 116 1196 161 HISTORICU
1197 117 1241 160 S.
1458 115 1554 163 369

116 230 221 270 velle
237 227 367 282 pudor
382 230 447 268 sit.
503 242 583 267 non
602 229 736 280 itaque
751 240 817 265 me
834 227 943 278 piget
963 240 1050 265 esse
1067 227 1284 264 sententiae
1306 239 1442 264 eorum
1461 227 1553 279 qui-

117 287 192 324 bus
222 286 400 324 librarios
430 286 609 323 incusare
642 291 681 322 et
708 297 779 335 pro
801 280 1008 335 μυριάδων
1028 283 1239 320 rescribere
1257 279 1445 334 χιλιάδων
1465 284 1553 334 pla-

118 343 221 391 cuit3
246 341 406 395 qualem
428 342 638 379 verborum
663 340 992 392 permutationem
1017 339 1230 376 scribarum
1258 340 1461 377 oscitantia
1488 352 1553 376 or-

116 405 199 436 tam
220 398 297 435 alio
315 399 435 435 etiam
456 399 606 435 Zosimi
625 398 711 434 1000
741 396 796 446 (6
825 394 879 446 8)
910 393 1264 446 deprehendemus.

227 452 427 500 Quasdam
453 466 515 491 res
541 452 816 490 memorabiles
845 451 987 488 Iuliani
1010 451 1211 488 brevitatis
1235 451 1396 488 consilio
1422 463 1444 487 a
1473 452 1553 488 Zo-

118 510 218 548 simo
248 511 476 561 praeteritas
506 509 642 560 paucis
670 506 738 545 hic
768 519 1073 544 commemorare
1102 519 1147 544 ac
1174 507 1365 544 subiicere
1390 519 1469 543 non
1489 508 1555 543 in-

119 564 368 603 commodum
396 564 564 603 videtur.
621 577 724 601 anno
746 563 826 604 355
845 563 1019 600 Iulianus
1044 564 1220 601 Caesaris
1248 563 1335 600 loco
1358 575 1403 598 ac
1423 561 1556 612 digni-

118 628 199 659 me
235 622 386 672 positus
422 627 632 672 postqum
662 621 838 657 Viennae
866 620 908 655 in
939 620 1066 656 Gallia
1097 617 1272 656 hiemem
1301 625 1555 668 transegerat,

119 689 346 728 progressus
363 676 457 714 inde
478 674 807 727 Augustodunum
825 675 999 726 aliasque
1016 675 1154 722 urbes,
1182 676 1223 711 in
1251 675 1390 712 itinere
1414 674 1558 710 barba-

120 745 183 771 ros
209 734 276 785 qui
295 746 386 770 eum
402 734 625 770 invaserant
643 733 795 768 sortiter
814 732 975 782 repulit,
1005 743 1051 768 ac
1077 732 1250 782 primum
1269 731 1423 767 virtutis
1440 730 1559 766 belli-

120 801 188 826 cae
216 789 416 840 specimen
446 787 582 825 edidit.
640 800 742 824 anno
773 787 996 838 insequenti
1026 786 1163 837 (357)
1189 788 1231 823 in
1259 786 1460 833 Marcelli,
1491 787 1560 837 qui

119 844 170 882 ob
197 845 396 896 ignaviam
422 851 491 881 aut
516 843 697 881 fraudem
723 849 925 880 revocatus
949 850 1051 890 erat,
1080 843 1212 879 lomun
1234 843 1418 879 successit
1434 842 1561 878 Seve-

121 913 206 949 rus,
243 908 288 938 ut
322 913 443 952 penes
473 902 605 951 ipsum
641 911 795 937 summa
827 911 957 935 rerum
986 896 1246 948 gerendarum
1276 904 1395 945 esset,
1437 896 1562 934 donec

120 957 370 994 Constantius
396 957 591 993 Eusebiae
618 956 754 992 uxoris
789 952 1057 991 cohortatione
1085 961 1123 991 et
1150 954 1313 991 consilio
1337 955 1463 990 victus
1492 955 1561 990 Iu·—

120 1012 227 1050 liano
248 1013 338 1063 ipsi,
369 1014 437 1064 qui
452 1025 598 1049 nomen
619 1011 749 1062 potius
765 1022 885 1062 quam
905 1009 1136 1060 dignitatem
1157 1011 1332 1047 Caesaris
1357 1007 1561 1061 habuerat,

120 1081 281 1105 omnem
305 1068 400 1105 belli
433 1080 566 1105 curam
595 1074 634 1104 et
663 1065 1040 1104 administrationem
1074 1067 1282 1103 commisit.
1339 1078 1407 1116 spe
1441 1066 1563 1114 igitur

120 1123 224 1161 sacta
245 1121 354 1161 haud
377 1122 518 1161 dubiae
539 1125 578 1160 in
599 1130 799 1174 posterum
824 1122 972 1172 gloriae
987 1122 1172 1169 bellicae,
1203 1122 1378 1158 Iulianus
1399 1119 1562 1172 quidem

121 1193 206 1217 rem
221 1180 418 1231 praeclare
437 1178 623 1216 adversus
642 1179 826 1215 barbaros
839 1179 983 1228 gessit,
1014 1179 1082 1229 qui
1098 1176 1338 1228 Lugdunum
1358 1175 1562 1221 obsidione

120 1236 350 1286 premebant
363 1265 373 1284 ‚
404 1242 443 1272 et
462 1236 601 1272 urbem
620 1233 798 1272 hostibus
816 1234 940 1284 pulsis
960 1233 1153 1271 liberavit.
1209 1234 1393 1270 Barbatio
1416 1240 1563 1280 autem,

119 1290 303 1329 Rhenum
310 1292 555 1339 transiturus,
567 1290 772 1328 adversam
784 1296 968 1340 expertus
979 1290 1177 1326 fortunam
1189 1302 1212 1326 a
1223 1289 1397 1326 barbaris
1409 1288 1563 1325 cladem

121 1349 285 1398 accepit.
325 1346 404 1388 vid.
416 1348 591 1390 Iulianus
607 1360 669 1397 ep.
685 1345 734 1383 ad
745 1345 904 1393 Athen„
923 1346 1123 1382 Ammian.
1139 1347 1202 1391 16,
1222 1345 1429 1381 Liban.or.
1443 1347 1507 1384 12.

231 1416 271 1454 p.
294 1404 373 1444 126
391 1416 431 1440 v.
453 1405 516 1443 19.
574 1401 681 1439 haud
718 1400 890 1438 dilucide
920 1402 1110 1452 explicuit
1138 1402 1320 1438 Zosimus
1351 1401 1494 1436 Iuliani
1520 1400 1562 1435 in

120 1459 337 1496 Germanos
357 1457 628 1510 expeditiones
646 1465 869 1509 suscepta53
898 1458 1114 1495 accuratius
1134 1458 1369 1494 Ammianus
1398 1456 1477 1506 (17
1510 1456 1564 1494 10

121 1521 161 1552 et
181 1514 258 1565 18)
286 1522 325 1552 et
341 1516 516 1552 Iulianus
531 1516 617 1566 ipse
637 1528 699 1565 ep.
718 1513 769 1551 ad
783 1511 1074 1551 Athenienses:
1088 1518 1148 1549 ter
1163 1513 1313 1549 bellum
1331 1512 1379 1548 ab
1399 1525 1446 1549 eo
1468 1511 1563 1547 bar-

119 1570 224 1608 baris
243 1571 420 1619 illatum,
451 1577 490 1608 et
507 1572 668 1608 traiecto
685 1568 825 1607 Rheno
842 1570 884 1605 in
907 1570 1080 1619 ipsorum
1100 1570 1214 1604 terris
1232 1574 1400 1618 gestum.

233 1625 287 1663 ib.
309 1640 348 1664 v.
366 1629 434 1667 23.
489 1628 635 1677 pariter
651 1626 826 1662 Iulianus
845 1623 949 1674 apud
967 1622 1132 1662 suidam
1148 1624 1191 1660 in
1209 1625 1339 1675 χρῆμα
1358 1624 1433 1659 ait:
1461 1619 1564 1674 πρός

119 1677 194 1733 τήν
210 1680 427 1734 Ἑρκυνίων
443 1678 545 1733 ὕλην
563 1681 742 1732 ἒθὲομεν.
803 1680 948 1718 cellar.

230 1751 272 1788 p.
295 1741 374 1779 127
391 1751 429 1774 v.
449 1740 490 1778 2.
547 1738 681 1788 lapsus
708 1749 836 1773 errore
858 1736 1040 1773 Zosimus
1059 1748 1204 1772 nomen
1225 1733 1351 1784 reguli
1369 1734 1494 1783 capti,
1524 1738 1563 1769 et

101 1799 278 1844 ‘tempus
302 1806 381 1845 quo
410 1799 546 1844 captus
570 1794 664 1841 fuit,
693 1792 916 1843 perturbate
943 1789 1116 1827 tradidit.
1175 1792 1209 1827 is
1234 1790 1302 1841 qui
1330 1790 1479 1840 proelio
1509 1787 1562 1826 ad

120 1851 425 1899 Argentoratum
451 1851 577 1886 victus
605 1854 819 1899 captusque
854 1859 927 1883 rex
955 1847 1030 1883 suit
1058 1859 1094 1883 a.
1111 1846 1154 1883 C.
1172 1846 1275 1892 357,
1303 1857 1449 1882 nomen
1479 1857 1560 1881 non

122 1904 346 1943 Vadomarii
364 1904 435 1942 sed
456 1903 734 1942 Chnodomarii
752 1903 908 1951 habuit,
938 1908 977 1939 et
996 1915 1018 1938 a
1034 1903 1185 1939 Iuliano
1206 1900 1257 1938 ad
1274 1900 1559 1947 Constantium,

121 1962 232 1998 cuius
270 1962 454 2012 auspiciis
488 1961 639 1997 bellum
667 1959 846 2010 gerebat,
885 1959 1026 1995 missus
1058 1964 1117 1995 est
1157 1957 1382 2009 (Ammian.
1411 1959 1461 1997 16
1492 1957 1559 2003 12,

118 2017 262 2054 Julian.
287 2030 350 2068 ep.
378 2016 428 2054 ad
450 2015 617 2064 Atheu.,
646 2018 801 2066 Eunap.
820 2014 868 2051 de
883 2016 1019 2064 Legat.
1039 2020 1078 2050 et
1092 2015 1209 2050 Peter
1227 2014 1420 2050 Patricius
1442 2013 1559 2061 Corp.

122 2073 207 2110 Scr.
225 2073 321 2123 Byz.
342 2086 382 2123 p.
402 2072 499 2122 20).
556 2071 814 2109 Badomarius
828 2069 1002 2118 tandem,
1032 2070 1181 2120 aliquot
1199 2070 1312 2105 annis
1330 2069 1558 2113 interiectis,

123 2140 159 2168 a.
177 2128 221 2165 C.
240 2130 321 2169 360
334 2131 375 2165 in
389 2142 552 2165 manum
570 2129 722 2165 Iuliano
740 2129 821 2163 iam
840 2126 1063 2177 imperatori
1083 2127 1192 2163 venit
1209 2131 1248 2161 et
1265 2126 1308 2161 in
1326 2125 1559 2174 Hispaniam

121 2182 313 2231 abductus
337 2191 397 2221 est
426 2185 505 2236 (cf.
526 2186 618 2221 Zos.
638 2187 663 2225 3
694 2186 719 2224 9
743 2189 781 2219 et
800 2181 998 2232 Etmap.).

234 2238 288 2276 ih.
311 2252 350 2283 v.
365 2243 433 2280 20.
490 2238 688 2277 habebant
712 2239 895 2276 Caesares
917 2237 1089 2274 notarios
1110 2237 1278 2287 aliquot,
1311 2235 1360 2271 ab
1381 2236 1560 2283 Augusto

124 2301 256 2332 tamen
281 2296 509 2343 attributos,
538 2302 583 2332 ut
612 2295 725 2335 docet
751 2296 934 2331 Zosimus
954 2295 998 2330 in
1019 2293 1135 2330 rebus
1159 2292 1301 2328 Iuliani
1321 2291 1496 2327 Caesaris
1520 2295 1560 2325 et

123 2351 326 2388 Ammiani
360 2354 424 2392 17.
480 2352 599 2401 longe
636 2358 768 2388 autem
805 2349 990 2386 differunt
1024 2349 1171 2385 notarii
1198 2348 1248 2383 ab
1277 2344 1553 2395 exceptoribus.

104 2419 218 2443 nam
244 2408 386 2443 notarii
414 2414 505 2444 sunt
531 2406 726 2458 βασιλικοὶ
752 2403 1019 2458 ὑπογραφεῖς,
1048 2412 1092 2441 ut
1115 2405 1264 2455 passim
1282 2403 1463 2438 Zosimus
1483 2412 1556 2449 ap-

123 2463 267 2512 pellat,
298 2463 366 2513 qui
389 2463 433 2499 in
460 2463 696 2500 Consistorio
728 2468 813 2498 acta
842 2461 1112 2511 excipiebant3
1143 2466 1182 2495 et
1206 2460 1260 2495 ita
1279 2469 1435 2506 semper
1451 2453 1557 2505 apud

123 2518 397 2554 Marcellinum
412 2525 631 2555 sumuntur.
688 2525 728 2555 at
748 2530 840 2554 vero
858 2523 1087 2567 exceptores
1102 2521 1191 2552 sunt
1206 2510 1461 2565 ταχυγράφοι,
1488 2511 1556 2562 qui

124 2575 228 2611 notis
244 2574 463 2610 scribebant
477 2581 561 2611 acta
574 2573 815 2625 praesidum.
878 2573 923 2610 V
914 2573 1073 2609 alesius.

234 2641 274 2679 p-
298 2630 376 2669 128
397 2642 436 2666 v.
459 2631 525 2670 18.
583 2637 693 2667 erant
714 2629 855 2679 viginti
876 2629 987 2665 milia
1007 2627 1261 2677 captivorum.
1317 2623 1459 2659 Iulian.
1492 2634 1555 2671 ep.

125 2683 178 2721 ad
192 2682 338 2721 Athen.
357 2685 586 2737 δισμυρίους
603 2682 789 2740 ἆπῄτησα
807 2681 915 2738 παραὶ
932 2685 1011 2723 τῶν
1027 2677 1243 2734 βαρβάρων
1259 2676 1360 2731 ὑπὲρ
1380 2674 1450 2717 τὸν
1465 2675 1557 2728 Ῥῆ-

515 2737 527 2752 Ι

123 2754 199 2781 νον
216 2737 335 2788 ὄντας
352 2740 632 2793 αἰχμαλωτους.

177 2799 345 2835 Zosimus.
1228 2786 1284 2830 24
