1812 3016
412 122 853 170 COMMENTARIUS
885 120 1237 169 msromcnS.
1453 119 1552 170 383

112 405 228 445 corn.
252 403 303 446 de
325 406 440 444 sicar.
462 417 506 443 n.
524 406 567 446 7.
622 403 768 442 Πῖκον.

222 459 279 499 ib.
300 474 341 499 v.
363 462 429 502 16.
486 458 660 498 rhetores
679 457 863 511 quidem,
891 454 1138 495 Themistius
1165 454 1283 507 (orat.
1308 455 1332 495 1
1361 456 1414 496 93
1432 453 1487 505 B)
1516 459 1555 491 et

112 516 300 556 manius
329 517 417 569 (vit.
439 529 483 568 p.
500 517 568 564 56,
594 529 652 554 or.
673 517 727 557 15
745 528 786 567 p.
810 511 934 563 413),
963 526 987 550 a
1007 514 1166 550 Zosimo
1197 510 1424 558 discedunt,
1453 512 1555 548 Am-

111 574 269 612 mianus
298 580 453 620 autem,
480 570 696 610 horrendas
726 567 1096 621 crudelissimusque
1125 569 1373 620 quaestiones
1400 566 1556 604 habitas

114 628 361 678 describens,
390 641 482 667 cum
500 640 547 665 eo
565 628 660 666 facit
679 626 878 678 fidemque
898 626 935 662 ei
957 625 1154 662 conciliat.

224 698 267 737 p.
285 686 365 728 183
380 697 421 722 v·
441 686 464 727 1
482 705 539 713 -
557 683 636 725 184
656 697 696 720 v.
713 686 754 725 8.
809 682 991 719 constitui
1011 680 1203 718 nonnulla
1222 678 1288 717 hic
1308 684 1472 732 possunt
1488 692 1557 716 ac-

114 742 285 780 curatius
300 754 354 779 ex
369 741 583 780 Ammiano
602 742 655 782 27
688 740 710 780 1
730 745 768 777 et
786 740 828 780 2.
886 736 1072 775 adversus
1090 737 1334 774 Alemannos
1351 736 1557 773 Gallorum

114 797 212 835 fines
226 797 514 836 incursionibus
532 796 763 833 infestantes
778 792 977 832 Charietto
995 807 1066 845 per
1084 801 1292 845 utramque
1303 793 1558 830 Germaniam

116 866 262 900 comes,
282 865 374 891 cum
389 853 603 892 Severiano
620 850 759 889 itidem
776 851 933 898 comite,
951 850 1101 901 proelio
1123 849 1331 887 commisso
1349 861 1433 885 rem
1450 849 1556 884 male

115 915 302 962 gesserat.
350 916 446 960 post
478 909 739 946 (Viatiettonis
766 908 965 943 interilum
989 905 1206 943 Erulorum
1228 905 1558 955 Batavorumque

115 965 306 1004 ves-illum
331 966 545 1015 direptum,
576 963 685 1015 quod
712 962 941 1000 insultando
961 961 1220 1012 tripudiantes
1242 960 1405 997 barbati
1426 960 1558 997 crebro

115 1019 320 1060 sublatum
334 1021 458 1059 ahias
471 1018 742 1065 ostendebant,
763 1026 855 1070 post
872 1019 1087 1055 eotamina
1106 1024 1303 1068 receptum
1318 1024 1375 1054 eet
1393 1030 1559 1068 magna.

115 1079 332 1130 posteriora
349 1076 401 1114 ad
420 1089 466 1115 ea
484 1078 679 1128 pertinere
706 1074 890 1113 videntur
909 1087 1010 1126 quae
1032 1086 1054 1111 a
1074 1075 1234 1111 Zosimo
1255 1086 1296 1125 p.
1318 1075 1396 1115 183
1426 1075 1451 1112 9
1471 1085 1564 1125 sqq.

117 1134 299 1185 exposita
320 1140 423 1182 sunt,
447 1140 485 1170 et
507 1145 735 1185 quanquam
754 1132 988 1169 Ammianus
1011 1130 1372 1167 exauctorationem
1389 1130 1563 1167 Batavo-

117 1202 207 1229 rum
223 1196 364 1238 taceat,
380 1202 471 1227 cum
489 1202 538 1227 eo
555 1195 690 1226 tamen
708 1189 750 1226 in
770 1185 1020 1227 concordiam
1040 1193 1204 1237 possunt
1221 1184 1360 1236 redigi.
1405 1184 1451 1222 id
1467 1198 1562 1222 vero

117 1258 323 1297 perperam
333 1244 534 1293 traditum,
549 1251 594 1282 ut
608 1257 662 1282 ex
675 1244 930 1296 sequentibus
943 1242 1104 1294 patebit,
1124 1241 1232 1294 quod
1242 1242 1563 1280 Valentinianum

118 1304 250 1353 ipsum
268 1302 418 1353 proelio
438 1307 600 1339 eventus
618 1298 726 1338 haud
740 1301 918 1351 prosperi
933 1298 1158 1339 interfuisse
1176 1305 1322 1336 narrat.
1380 1310 1427 1335 ea
1449 1297 1563 1335 clade

118 1356 254 1396 andita
271 1356 562 1408 Dagalaiphus‚
588 1364 633 1394 ut
659 1369 743 1394 rem
769 1357 1012 1402 restitueret,
1041 1355 1202 1393 Parisiis
1233 1367 1280 1392 eo
1307 1354 1452 1393 missus
1478 1360 1561 1400 est3

118 1425 200 1466 quo
218 1420 426 1452 cunctante
445 1420 485 1452 et
506 1413 615 1460 varia
637 1418 843 1460 causante,
872 1413 1056 1449 Iovianus
1074 1412 1255 1462 equitum
1270 1411 1461 1461 magister
1477 1411 1563 1447 eius

118 1470 206 1509 vice
220 1469 328 1508 hello
346 1469 588 1521 praefectus,
618 1482 710 1507 cum
731 1468 916 1506 barbaros
935 1469 1112 1506 incautos
1128 1465 1289 1505 adortus
1307 1473 1430 1514 esset,
1460 1473 1564 1504 stra-

118 1537 213 1576 gem
237 1538 374 1565 eorum
401 1524 511 1564 dedit
533 1527 759 1575 ingentem,
788 1526 831 1562 in
857 1536 936 1576 qua
960 1536 1034 1562 sex
1058 1524 1172 1560 milia
1193 1522 1399 1560 interfecta
1419 1522 1564 1560 barba-

119 1593 269 1630 mnun,
293 1594 367 1622 rex
382 1581 432 1620 ab
449 1583 620 1620 Ascariis
638 1580 690 1619 ad
704 1580 881 1618 hostium
896 1586 1020 1618 castra
1040 1577 1261 1629 diripienda
1276 1592 1349 1629 per
1361 1579 1438 1615 iter
1453 1578 1567 1616 aliud

118 1638 252 1677 missis
273 1644 409 1689 coptus
430 1645 492 1685 et,
520 1636 619 1675 duce
640 1639 908 1675 Romanorum
927 1636 1071 1682 inscio,
1102 1635 1278 1685 patibulo
1301 1634 1470 1671 suffixus
1489 1641 1566 1672 est.

119 1701 157 1731 et
175 1700 271 1745 post
295 1693 394 1732 haec
418 1694 597 1731 redeunti
622 1693 800 1731 Parisios
821 1698 914 1742 poce
938 1690 1216 1728 clarimdinem
1241 1698 1341 1727 recte
1364 1697 1567 1742 gestorum

119 1750 331 1800 impu-ator
364 1749 493 1787 Idetus
520 1749 714 1794 occurrit,
748 1760 913 1798 namque
931 1754 1072 1799 postea
1102 1745 1300 1783 consulem
1324 1746 1561 1797 designavit.

116 1805 374 1900 §33⁶3ss
392 1809 617 1899 Ξῗωέωω
630 1817 720 1908 232¹?
731 1801 1447 1911 Ρῗῑζᾚῖωῗιεῖοωῗῗξὶζῇεὲοῗ
1471 1815 1563 1840 “¹²¹‘'

122 1985 214 2011 cum
230 1917 374 2012 &0³33
390 1918 794 2023 ΣὙῚειῙεηῐέὃὲεζὲυέι,
816 1915 1119 2008 {xeugnmgiano
1148 1928 1271 2012 ἔῃόΡ
1284 1913 1563 2009 ὢυεῖηυῖἰῗιουῗ

120 2035 198 2069 nt·
252 2027 387 2077 Gothi,
415 2030 486 2082 qui
502 2030 698 2068 societatis
711 2029 797 2066 iure
814 2028 963 2066 violato
980 2027 1173 2078 Procopio
1190 2027 1378 2064 miserant
1396 2028 1562 2075 auxilia,

122 2098 217 2125 cnm
242 2087 390 2124 Victori
410 2087 524 2124 iussu
551 2085 799 2136 imperatoris
826 2096 985 2121 causam
1007 2084 1145 2122 violati
1163 2081 1334 2121 foederis
1350 2084 1565 2121 sciscitanti

123 2141 417 2193 respondissent
444 2155 493 2179 ea
523 2154 626 2194 quae
653 2153 756 2178 vana
784 2139 1079 2188 iudicabantur,
1115 2139 1267 2176 bellum
1306 2141 1358 2177 iis
1397 2140 1566 2176 iniuriae

124 2196 372 2239 ulciscendae
397 2210 515 2236 causa
541 2210 565 2235 a
595 2197 785 2235 Romanis
815 2197 985 2234 illatum.
1039 2197 1309 2233 Romanorum
1333 2194 1417 2232 dux
1441 2207 1567 2245 prope

124 2252 322 2304 Daphnen
348 2255 638 2290 munimentum
664 2259 790 2290 castra
820 2259 989 2290 metatus
1017 2258 1077 2289 est
1097 2258 1136 2289 et
1154 2258 1274 2303 ponte
1298 2251 1402 2288 sacto
1423 2253 1567 2288 Istrum

125 2309 290 2360 impune
306 2310 471 2347 traiecit.
499 2310 726 2361 insequenti
742 2321 845 2346 anno
864 2321 955 2346 cnm
971 2309 1180 2346 transitum
1201 2307 1375 2344 Danubii
1392 2304 1567 2343 inunda—

125 2366 182 2403 tio
204 2363 442 2416 prohiberet,
468 2367 580 2403 nulla
599 2379 641 2402 re
660 2371 771 2415 gesta
787 2365 1111 2416 Marcianopolim
1126 2365 1169 2401 in
1187 2362 1353 2401 hiberna
1374 2361 1571 2399 discessit.

121 2420 290 2471 (eodem
307 2421 433 2460 refero
445 2422 725 2459 verbaZosimi
743 2434 785 2471 p.
797 2420 879 2462 184
908 2422 961 2461 18
971 2433 1075 2473 sqq.‚
1099 2420 1279 2472 quamvis
1296 2418 1568 2455 difficultatem

125 2475 355 2515 transeundi
371 2476 626 2515 inundatione
643 2478 771 2514 amnis
790 2472 984 2514 obiectam
999 2474 1160 2526 taceat.)
1198 2476 1311 2512 tertio
1327 2486 1431 2510 anno
1447 2472 1566 2523 (369)

127 2534 258 2571 amnis
275 2534 527 2572 transmissus
545 2541 669 2581 esset,
702 2531 889 2571 adversus
913 2531 1189 2582 Gruthungos,
1218 2530 1448 2567 bellicosam
1466 2541 1567 2579 gen-

124 2595 233 2637 tem5
259 2601 372 2626 arma
392 2596 522 2638 mota,
552 2597 591 2627 et
610 2596 822 2641 postquam
837 2587 1128 2626 Athanarichus
1147 2586 1299 2623 levibus
1315 2585 1476 2636 proeliis
1495 2584 1565 2620 fu-

127 2657 197 2682 sus
222 2651 325 2693 ent,
353 2647 620 2684 Romanorum
647 2645 732 2683 dux
757 2646 891 2683 Victor
916 2643 1240 2693 Marcianopolim
1265 2643 1428 2692 repetit,
1452 2647 1492 2677 et
1506 2640 1563 2677 ibi

123 2712 223 2737 mm
239 2700 382 2751 legatis
397 2701 652 2739 barbarorum
668 2714 810 2753 pacem
825 2701 1050 2753 petentibus
1066 2697 1206 2736 foedus
1226 2698 1443 2735 renovavit.
1497 2696 1564 2732 in-

128 2757 217 2794 nuit
249 2755 415 2809 quidem
436 2759 620 2796 Zosimus
656 2759 719 2809 (c.
752 2756 830 2808 11)
868 2756 1036 2796 eandem
1073 2754 1359 2804 incursionem,
1398 2753 1563 2804 exponit
