1812 3016
371 85 813 132 cofflffiN'rAmus
844 86 1196 132 HISTORICUS.
1412 83 1512 138 347

69 197 192 252 igitir
204 194 328 237 modo
347 195 477 249 τρισὶν
492 195 690 244 inmunia
708 193 871 234 defendi
889 202 1018 248 potest
1029 225 1041 245 ,
1068 197 1146 234 nisi
1163 197 1345 236 Zosimus
1367 210 1512 249 pecca-

69 255 128 292 vit
149 254 192 293 in
206 265 371 292 numero
389 266 605 301 annornm,
647 259 692 290 nt
712 254 809 291 istos
826 265 927 291 coss.
949 253 1249 291 Constantinum
1267 255 1324 292 111
1342 261 1382 291 et
1401 255 1512 292 Lici-

67 311 181 348 nium
206 310 264 347 111
290 322 392 348 anno
422 312 506 352 310
528 310 760 360 assignaret.
815 307 888 347 sed
912 309 1154 361 probabilius
1181 310 1225 346 fit
1257 310 1461 348 librarium
1485 326 1512 363 y

67 378 140 418 pm
157 379 184 416 η
207 366 431 418 scripsisse,
469 379 560 404 cum
585 361 638 403 ad
666 364 890 418 depositum
914 367 1125 417 imperium
1146 378 1180 403 c.
1198 369 1225 408 7
1244 367 1427 404 Zosimus
1444 380 1511 406 re-

67 421 276 473 spexisset.
334 423 395 460 II.

177 490 219 528 1>-
239 480 295 521 72
312 491 351 516 v.
374 480 440 519 10.
495 479 615 516 etiam
629 478 805 516 Africam
825 485 864 517 et
875 476 1122 516 Pannoniam
1140 483 1296 515 auctore
1315 491 1513 530 anonymo

67 532 230 572 valesii.
286 534 433 572 Severo
451 535 579 572 occiso
599 536 847 582 Maxentius,
882 534 1104 585 provincias
1124 535 1207 571 eius
1224 547 1319 571 suae
1338 534 1513 573 facturus

66 589 284 638 foramine,
315 591 508 642 imagines
526 592 639 628 iussit
658 604 770 639 suas,
808 591 868 628 uti
885 603 972 628 mos
990 597 1094 639 erat,
1130 591 1172 628 in
1187 591 1322 628 Africa
1342 592 1513 629 circum-

66 645 162 685 feni
182 652 221 683 et
238 649 400 698 exponi.
455 645 537 684 vid.
564 660 598 684 c.
624 646 676 687 14
694 648 782 684 init.

178 701 234 739 ih.
254 715 294 740 v.
316 705 379 744 18.
434 704 584 742 zosimi
609 703 855 755 aliorumque
882 703 1171 751 testimonium,
1219 716 1273 740 ex
1299 703 1511 755 illegitimo

68 757 366 797 eomtmtinum
390 771 475 796 esse
493 767 632 797 natum
651 761 865 806 consortio,
905 760 1059 796 elevare
1087 765 1126 796 et
1154 761 1387 810 scriptorum
1416 773 1513 797 con-

66 815 231 851 trarium
257 813 496 855 tradentium
526 816 798 852 auctoritatem
828 815 1003 853 stabilire
1038 813 1188 853 studuit
1213 816 1511 864 Tillemontius,

68 880 146 921 qna
175 876 310 908 tamen
341 869 443 908 nihil
468 872 570 908 ultra
599 870 783 908 effectum
812 874 1007 909 cernimus
1028 883 1146 923 quam
1165 878 1208 908 ut
1227 872 1430 922 probabile
1448 872 1513 908 fa-

67 932 175 963 ctum
191 927 242 964 sit
260 928 417 980 nuptias
438 934 575 979 postea
592 927 806 965 celebratas
830 929 947 965 matri
964 929 1048 965 eius
1062 927 1263 978 legitimae
1285 929 1347 966 ius
1373 929 1512 965 coniu-

66 983 129 1034 gis
149 980 319 1020 dedisse.

176 1051 218 1091 p.
243 1040 297 1079 73
318 1051 358 1076 v.
376 1041 418 1079 2.
473 1040 617 1078 incisos
646 1052 837 1091 equorum
860 1052 883 1076 a
901 1039 1155 1077 Constantino
1173 1039 1350 1090 fugiente
1369 1052 1514 1078 nervos

68 1105 178 1142 esse,
218 1095 372 1133 etiamsi
400 1095 560 1134 fabulae
589 1097 732 1134 similis
759 1094 940 1133 videatur
958 1109 1019 1132 res
1043 1102 1082 1132 et
1100 1102 1190 1146 apta
1206 1094 1258 1131 ad
1274 1095 1516 1134 movendam

67 1150 186 1200 fugae
209 1153 494 1202 suspicionem,
536 1165 618 1190 non
634 1151 752 1190 modo
770 1151 887 1190 tradit
907 1153 1088 1189 Zosimus
1113 1150 1179 1201 (id
1203 1151 1309 1203 quod
1331 1154 1513 1203 opinatus

67 1213 128 1243 est
153 1205 326 1245 Gibbon.
349 1214 380 1245 t.
408 1212 428 1249 1
457 1215 495 1246 ὀ.
522 1208 574 1249 14
598 1215 681 1246 not.
706 1210 775 1255 13,
814 1207 982 1245 irridens
1003 1209 1153 1245 Zosimi
1180 1209 1514 1246 narratiunculam

22 1261 28 1265 ’
66 1267 112 1355 pt
141 1261 189 1300 ab
217 1276 264 1301 eo
292 1262 450 1315 ficum)
485 1262 559 1303 sed
588 1265 708 1303 etiam
736 1265 922 1302 Aurelius
952 1265 1083 1303 Victor
1116 1271 1155 1301 et
1181 1276 1404 1316 anonymus
1432 1265 1515 1303 Va·

84 1330 170 1357 esu.

52 1410 56 1414 .
179 1373 237 1414 ib.
259 1388 300 1413 v.
318 1376 359 1416 8.
416 1375 609 1414 militibus
627 1389 651 1413 a
668 1383 780 1428 patre
803 1374 1123 1414 commendatum
1144 1375 1266 1413 fuisse
1289 1376 1516 1413 Constanti-

65 1443 165 1469 num
178 1460 191 1479 ‚
218 1438 306 1469 tum
321 1432 391 1470 alii
408 1439 494 1469 tum
513 1433 730 1470 Eumenius
748 1439 881 1483 aperte
901 1431 1021 1470 tradit
1037 1434 1186 1482 Paneg.
1208 1445 1243 1469 c.
1262 1434 1312 1472 7:
1342 1432 1516 1483 manife-

66 1493 123 1524 ste
141 1489 246 1524 enim
255 1489 386 1538 patris
400 1490 592 1525 sententia
611 1489 755 1526 electus
771 1502 811 1526 es
830 1490 1058 1538 imperator,
1087 1495 1126 1526 et
1146 1502 1180 1526 c.
1201 1490 1251 1530 8:
1282 1487 1390 1525 illico
1411 1490 1516 1527 enim

66 1549 187 1594 atque
201 1543 271 1580 ille
288 1545 401 1583 terris
406 1544 551 1596 suerat
572 1552 788 1595 exemptus,
815 1548 1022 1582 universus
1039 1538 1083 1582 in
1102 1551 1139 1580 te
1158 1546 1348 1580 consentit
1369 1546 1515 1580 exerci-

67 1605 174 1641 ωεο
194 1606 231 1638 te
256 1601 360 1637 enim
392 1608 537 1637 menies
566 1600 748 1651 oculique
778 1602 1003 1651 signarunt.
1064 1601 1318 1637 Constantino
1349 1613 1372 1636 a
1403 1607 1515 1650 patre

66 1656 155 1705 ipso
181 1657 437 1694 commissum
464 1664 504 1694 et
532 1655 723 1694 traditum
746 1658 958 1708 imperium
985 1657 1040 1693 ait
1069 1668 1289 1708 anonymus
1310 1656 1516 1693 Bianconii

66 1711 112 1748 in
131 1709 267 1750 chron.
290 1725 332 1763 p.
356 1714 449 1753 117.

178 1766 234 1805 ib.
292 1766 428 1805 laudat
452 1781 544 1805 eum
570 1780 728 1820 quoque
746 1769 1017 1818 Praxagoras,
1052 1767 1122 1819 qui
1145 1772 1300 1817 praeter
1317 1766 1394 1803 alia
1415 1767 1515 1804 scri-

64 1827 136 1874 pta
157 1824 282 1861 vitam
303 1825 549 1862 Constantini
572 1826 813 1876 composuit,
844 1836 966 1876 quam
982 1829 1210 1874 excerptam
1226 1821 1388 1860 exhibet
1403 1821 1516 1861 Pho-

66 1880 146 1918 tius
160 1878 247 1917 cod.
265 1882 333 1922 62.
389 1881 535 1922 Βίτων.
1454 1922 1457 1925 ,

179 1934 235 1975 ib.
256 1948 296 1974 v.
318 1939 384 1978 10.
442 1937 493 1975 of.
519 1936 739 1973 Tillemont.
761 1943 791 1975 t.
812 1933 840 1975 4
859 1949 900 1986 p.
920 1937 1015 1976 619.
1071 1935 1290 1986 improbata
1305 1931 1381 1971 hac
1403 1935 1515 1971 mili-

68 1997 155 2029 tum
173 1992 363 2030 electione
384 2006 407 2030 a
426 1993 583 2031 Galerio
603 2001 641 2030 et
658 2000 801 2043 negato
819 1992 1064 2042 imperatoris
1084 1993 1258 2038 nomine,
1288 1991 1514 2027 Constanti-

67 2059 143 2085 nus
163 2046 217 2085 ad
236 2050 412 2087 Caesaris
444 2048 631 2100 depulsus
662 2048 895 2099 dignitatem
919 2054 1057 2098 postea
1082 2055 1239 2086 auctore
1267 2048 1513 2085 Maximiano

67 2105 252 2142 Herculio
276 2106 437 2144 titulum
458 2107 627 2155 Augusti
647 2106 828 2155 sumpsit.

179 2173 221 2211 p.
240 2161 294 2202 74
310 2174 348 2200 v.
372 2164 436 2202 16.
472 2163 684 2213 Eutropius
701 2174 754 2198 ex
773 2173 897 2212 eoque
914 2161 1178 2212 Hieronymus
1199 2160 1241 2196 in
1263 2157 1408 2196 Chron.
1428 2160 1515 2195 Eu-

68 2215 170 2253 sebii
201 2221 240 2253 et
264 2218 399 2255 Anrel.
428 2219 529 2255 vict.
562 2219 774 2254 Ravennae
803 2217 1053 2255 interfectum
1088 2217 1281 2253 Severum
1314 2215 1513 2261 scribunt3

69 2272 176 2322 Epit.
208 2273 374 2311 Victoris
408 2274 562 2313 Romae
594 2274 653 2310 ad
680 2280 756 2310 tres
790 2271 975 2309 tabernas
1007 2273 1260 2309 exstinctum.
1330 2272 1513 2308 Zosimus

18 2371 30 2381 ὓ
69 2327 203 2364 lucem
222 2328 396 2380 aliquam
415 2329 555 2367 afferre
570 2329 747 2368 videtur:
788 2330 979 2366 Severum
998 2327 1197 2366 desertum
1214 2340 1236 2364 a
1255 2327 1336 2365 suis
1354 2328 1514 2362 Raven-

70 2396 187 2430 nam,
214 2384 352 2422 urbe-m
368 2388 584 2433 munitam,
625 2386 867 2436 confugisse,
895 2383 989 2422 inde
1006 2385 1181 2421 Herculii
1200 2382 1401 2420 blanditiis
1419 2393 1513 2431 per-

71 2445 240 2477 tractum
255 2447 299 2479 ut
312 2442 480 2480 Romam
496 2444 660 2489 veniret,
693 2443 736 2479 in
754 2443 892 2479 itinere
910 2443 952 2478 in
971 2439 1134 2478 insidias
1152 2437 1337 2477 incidisse
1359 2451 1404 2474 eo
1425 2438 1515 2474 loco

73 2497 140 2546 qui
158 2496 218 2532 ad
241 2497 333 2534 Tres
360 2497 559 2536 Tabernas
578 2497 733 2536 dicitur.
763 2504 803 2535 at
829 2499 921 2535 Tres
946 2496 1147 2534 Tabernae
1164 2496 1192 2530 F
1196 2496 1253 2531 ori
1268 2494 1390 2544 Appii
1411 2493 1516 2529 ultra

71 2550 212 2588 urbem
236 2560 327 2590 sunt
346 2555 603 2593 Terracinam
622 2554 825 2591 euntibus:
854 2555 1025 2591 Severus
1043 2559 1175 2589 autem
1188 2552 1375 2587 Ravenna
1397 2547 1517 2585 dece-

73 2604 171 2644 dens
196 2609 305 2658 prius
334 2611 375 2646 in
395 2611 632 2648 Terracinae
661 2617 829 2648 tractum
853 2610 1033 2661 pervenit
1050 2620 1169 2659 quam
1188 2603 1384 2642 Romam?
1442 2615 1518 2654 ego

74 2668 207 2699 autem
232 2677 312 2701 non
338 2664 475 2704 dubito
505 2668 597 2704 illas
625 2673 705 2704 tres
726 2667 931 2704 Tabernas
950 2667 991 2701 in
1014 2676 1108 2714 agro
1129 2664 1356 2698 Ravennate
1378 2660 1516 2707 fuisse,

73 2728 203 2769 neque
221 2719 335 2758 aliter
349 2734 466 2773 posse
484 2723 619 2774 colligi
635 2735 688 2760 ex
703 2722 833 2762 verbis
851 2721 1014 2760 Zosimi.
1044 2719 1214 2757 alterum
1231 2723 1363 2755 autem
1382 2717 1518 2757 Victo-
