1812 3016
265 82 364 129 208
892 85 1089 130 ZOSIMI

263 197 338 251 μία
369 199 443 251 τῆς
469 196 636 248 Λυδίας
665 195 792 249 ἐστίν,
826 197 865 240 οἱ
892 198 966 253 μὲν
995 196 1210 255 Αἰγύπτιοι
1234 203 1372 259 πολλῷ
1389 205 1470 244 τῶν
1489 198 1712 259 βαρβάρων

264 265 374 315 ὄντες
389 263 580 316 ἐλάττους
600 266 751 320 εἴχοντο
772 270 846 320 τῆς
865 272 1130 324 στρατηγικῆς
1150 268 1333 319 εὐταξίας
1339 300 1354 320 ,
1380 269 1419 312 οἳ
1442 272 1486 312 δὲ
1507 269 1711 327 βάρβαροι

262 332 412 387 πλήθει
438 333 606 384 τούτους
628 333 908 390 ὖπεραίροντες
937 335 1038 389 ἔχειν
1063 353 1102 378 τι
1131 336 1251 378 πλέον
1273 336 1422 391 ἠξίουν,
1488 340 1556 380 καὶ
1577 336 1712 392 ἐπειδὴ

262 405 345 444 τῶν
360 402 426 443 ἐπ’
450 402 600 458 ἀγορᾶς
617 420 678 452 τις
695 396 750 444 ὧν
769 403 938 445 ἀπέδοτο
957 405 1131 458 δοθῆναι
1151 404 1270 459 τιμὴν
1287 404 1457 461 ᾔτησεν,
1490 403 1511 448 ὅ
1541 406 1585 447 δὲ
1604 403 1712 461 βάρ-

262 474 393 526 βαρος
408 470 453 512 τὸ
475 472 591 527 ξίφος
611 469 817 526 ἐπήγαγεν,
852 469 935 513 εἶτα
956 470 1259 526 ἀναβοήσαντος
1276 470 1485 528 ἐπλήττετο
1503 475 1570 515 καὶ
1589 473 1743 523 ἄλλοςὸ

262 542 471 593 βοηθῆσαι
484 536 742 593 βουλόμενος,
773 537 1004 594 ἐλεήσαντες
1021 540 1058 581 οἳ
1077 538 1292 596 Αἰγύπτιοι
1309 540 1355 583 τὸ
1372 539 1575 596 γινόμενον
1590 541 1712 584 ἓπιει-

264 610 346 656 κῶς
373 612 458 656 τοῖς
475 605 704 663 βαρβάροις
724 607 947 661 ἀπέχεσθαι
968 606 1173 664 παρῄνουν
1192 612 1273 650 τῶν
1291 606 1481 651 τοιούτων
1500 606 1712 664 ἀτοπημά-

262 687 366 716 των·
401 675 458 728 μὴ
479 675 557 731 γὰρ
580 673 677 717 εἶναι
697 679 815 717 τοῦτο
835 675 949 732 ἔργον
970 674 1198 733 ἀνθρώπων
1218 676 1323 718 κατὰ
1337 675 1546 731 Ῥωμαίων
1563 676 1713 731 νόμους

264 744 334 796 ζῆν
364 742 598 786 ἐθελόντων.
667 745 705 785 οἳ
734 745 778 786 δὲ
803 745 894 786 κατ’
930 745 1085 786 ἐκείνων
1111 745 1284 800 ἐχρῶντο
1315 751 1400 795 τοῖς
1427 747 1604 802 ξίφεσιν,
1637 745 1712 795 ἕως

263 809 443 860 ἐνδόντες
475 811 513 853 οἶ
540 808 758 866 Αἶγύπτιοι
783 816 846 869 ,τῷ
871 816 995 869 θυμῷ
1016 811 1228 854 συνέπεσόν
1248 829 1289 854 τε
1309 812 1446 863 αὐτοῖς
1466 815 1533 855 καὶ
1553 814 1712 863 πλείους
1722 816 1767 850 10

263 878 290 934 ἢ
315 880 544 929 διακοσίους
563 880 743 931 ἀνεῖλον,
775 880 870 930 τοὺς
890 880 964 934 μὲν
985 879 1224 934 πλήξαντες,
1258 880 1353 930 τοὺς
1369 881 1412 922 δὲ
1430 883 1486 931 εἷς
1498 880 1593 931 τοὺς
1608 879 1711 924 ὕπο-

261 945 411 1000 νόμους
440 953 579 1004 φυγεῖν
608 946 904 1002 ἀναγκάσαντες
923 948 1077 990 κάκεῖσε
1092 948 1161 990 τὸν
1180 949 1271 1002 βιόν
1286 948 1504 991 ἀπολιπεῖν.
1569 950 1611 991 ἐν
1638 949 1712 1003 μέν

264 1010 336 1057 οὖν
361 1020 411 1072 τῇ
445 1017 719 1075 Φιλαδελφειά
745 1020 873 1059 ταῦτα
898 1015 1119 1073 πράξαντες
1146 1017 1207 1058 ἐπὶ
1230 1023 1312 1066 τοῖς
1328 1015 1557 1073 βαρβάροις
1577 1014 1712 1073 Αἰγό-

260 1100 389 1134 πτιοι,
424 1085 491 1125 καὶ
520 1085 725 1133 πείσαντες
757 1091 979 1141 σωφρονεῖν
1011 1082 1067 1134 ὥς
1096 1088 1177 1126 τῶν
1210 1083 1551 1139 ἀντιστησομένων
1576 1085 1713 1134 αὐτοῖς

261 1151 335 1194 οὐκ
364 1150 670 1205 ἐπιλειψόντων,
707 1152 820 1194 αὐτοὶ
850 1153 923 1206 μὲν
951 1153 1103 1206 εἴχοντο
1124 1156 1197 1206 τῆς
1217 1153 1278 1194 ἐπὶ
1303 1152 1350 1195 τὸ
1373 1151 1513 1209 πρόσω
1534 1154 1710 1209 πορείας,
1723 1161 1766 1196 15

261 1220 300 1262 οἶ
336 1221 380 1262 δὲ
413 1218 620 1276 βάρβαροι
660 1221 722 1262 ε’πὶ
756 1220 829 1275 τὴν
860 1221 1094 1276 Αἴγυπτον,
1138 1214 1187 1262 οὗ
1218 1221 1455 1276 τεταγμένον
1482 1215 1533 1275 ἦν
1562 1221 1712 1272 αὐτοῖς,

259 1285 475 1344 προῄεσαν.
541 1286 671 1343 ἡγεῖτο
710 1289 753 1329 δὲ
784 1288 918 1330 αὐτῶν
942 1287 1166 1344 (Ορμίσδής
1189 1286 1210 1330 ὅ
1239 1289 1425 1344 Πέρσης·
1470 1283 1521 1343 ἦν
1548 1289 1592 1330 δὲ
1612 1286 1712 1344 Ὅρ-

257 1356 405 1409 μίσδου
445 1361 540 1405 παῖς
575 1360 649 1396 τοῦ
679 1354 992 1410 κοινωνήσαντος
1018 1358 1074 1406 εἷς
1103 1355 1173 1398 τὸν
1197 1355 1302 1397 κατὰ
1331 1358 1507 1413 Περσῶν
1537 1354 1713 1411 πόλεμον

252 1424 461 1480 Ἰουλιανῷ
482 1427 540 1481 τῷ
562 1421 841 1479 αὐτοκράτορι.
1692 1480 1697 1484 ἡ

397 1492 476 1535 31.
547 1494 642 1533 Τῶν
670 1491 714 1532 δὲ
735 1491 970 1547 Αἰγυπτίων
999 1491 1055 1541 εἰς
1074 1491 1338 1534 Μακεδονίαν
1365 1489 1618 1547 ἀφικομένων
1641 1492 1767 1533 zaim

260 1565 345 1610 τοῖς
366 1557 515 1601 αὐτόθι
537 1557 712 1614 τάγμασι
737 1559 1040 1615 συναφθέντων,
1061 1557 1173 1609 τάξις
1193 1559 1266 1612 μὲν
1284 1553 1334 1613 ἦν
1350 1565 1434 1608 τοῖς
1456 1557 1710 1615 στρατεύμα-

258 1644 323 1671 σιν
346 1627 540 1682 οὖδεμία,
585 1627 679 1670 οὐδὲ
701 1625 902 1681 Ῥωμαίου
935 1625 1134 1684 διάκρισις
1166 1625 1193 1681 ἢ
1222 1624 1464 1683 βαρβάρου,
1496 1625 1641 1678 πάντες
1666 1627 1711 1670 δὲ

346 1736 372 1770 2
408 1734 555 1768 sortasse
591 1732 718 1767 rectius
756 1733 1019 1777 στρατιωτικῆς
1056 1729 1237 1774 εὐταξίας.
1282 1733 1339 1768 vel
1374 1732 1614 1778 στρατηγικῆς
1645 1733 1711 1768 erit

350 1793 373 1814 a
393 1780 534 1859 dmiibus
549 1781 786 1825 praescripta,
807 1784 846 1814 ut
867 1779 1090 1814 Leunclavius
1114 1779 1249 1826 accipit.
1271 1780 1308 1816 S.
1458 1780 1503 1816 21
1526 1778 1711 1823 συναφέν-

346 1837 422 1860 των
477 1850 487 1861 .
1207 1853 1211 1857 .

257 1927 325 1962 que
349 1914 604 1960 Philadelphiae
627 1913 884 1958 convenissent,
908 1914 1001 1960 qnod
1027 1914 1185 1961 oppidum
1205 1917 1259 1948 est
1281 1913 1433 1958 Lydiae,
1455 1913 1555 1958 longo
1571 1924 1708 1949 numero

258 1961 412 1996 barbaris
436 1960 611 1994 inferiores
632 1960 794 2004 Aegyptii
818 1961 1060 2005 praescriptum
1088 1960 1152 1994 sibi
1175 1971 1196 1994 a
1220 1959 1361 1993 ducibus
1384 1959 1532 1993 ordinem
1548 1960 1710 1994 observa·-

257 2008 358 2041 bant:
391 2005 528 2039 barbari
556 2016 662 2046 vero,
693 2005 751 2048 qui
779 2006 840 2038 hos
865 2005 1079 2040 multitudine
1100 2009 1320 2050 superarent,
1343 2005 1484 2049 amplius
1502 2004 1626 2050 aliquid
1645 2005 1710 2040 sibi

258 2053 340 2087 iuris
366 2052 586 2096 usurpabant.
633 2061 776 2094 cumque
798 2051 888 2084 forte
911 2051 1042 2095 quidam
1058 2063 1100 2084 ex
1117 2051 1156 2084 iis
1169 2050 1225 2095 qui
1241 2054 1339 2083 erant
1353 2049 1386 2082 in
1401 2051 1478 2083 foro
1494 2050 1708 2086 venditarum

257 2099 302 2132 ab
318 2108 355 2130 se
368 2107 480 2130 rerum
495 2095 638 2140 pretium
655 2101 831 2139 posceret,
854 2097 1016 2129 barbarus
1033 2100 1146 2130 autem
1160 2095 1271 2139 gladio
1285 2094 1420 2139 feriret,
1442 2099 1546 2140 atque
1560 2095 1637 2129 hinc
1650 2095 1709 2130 illo

258 2143 466 2177 exclamante
480 2141 715 2173 vulneraretur
731 2147 767 2174 et
784 2141 889 2183 alter,
914 2142 1020 2185 priori
1036 2142 1162 2186 laturus
1177 2151 1293 2186 opem,
1317 2140 1443 2173 miserti
1457 2140 1529 2174 eius
1544 2140 1634 2186 quod
1650 2151 1710 2175 ao-

258 2188 390 2222 cideret
411 2185 576 2231 Aegyptii
600 2185 753 2218 modeste
777 2187 943 2220 barbaros
969 2187 1203 2227 hortabantur,
1228 2186 1271 2219 ab
1285 2185 1406 2229 iniquis
1422 2185 1609 2219 huiusmodi
1623 2186 1709 2220 faci-

258 2233 396 2268 noribus
413 2231 639 2265 abstinerent:
663 2242 727 2263 non
746 2231 831 2264 enim
847 2232 911 2264 hoc
926 2232 1048 2266 decere
1062 2232 1153 2265 viros
1168 2230 1224 2275 qui
1238 2231 1418 2264 secundnm
1434 2230 1528 2274 leges
1540 2231 1709 2265 Romanas

258 2279 382 2312 vivere
409 2276 652 2311 decrevissent.
698 2280 767 2309 tum
783 2276 829 2309 illi
846 2277 974 2320 gladios
989 2289 1068 2311 suos
1087 2277 1248 2310 adversus
1263 2276 1324 2310 hos
1339 2275 1524 2320 stringere,
1543 2276 1651 2310 donec
1673 2281 1710 2310 et

257 2323 420 2368 Aegyptii
443 2323 554 2356 laxato
577 2320 770 2354 iracundiae
784 2322 883 2354 freno
898 2333 971 2355 cum
987 2323 1036 2356 eis
1051 2321 1337 2366 congrederentur
1351 2326 1386 2354 et
1401 2322 1513 2365 plures
1528 2332 1627 2366 quam
1643 2321 1708 2356 du·

259 2375 378 2404 centos
390 2367 635 2406 interimerent,
659 2365 733 2399 aliis
752 2366 876 2405 caesis,
901 2367 974 2400 aliis
988 2367 1021 2400 in
1037 2368 1168 2401 cloacas
1183 2368 1303 2410 sugere
1319 2378 1360 2399 ac
1375 2366 1476 2399 vitan:
1489 2366 1523 2399 in
1541 2365 1590 2399 eis
1605 2366 1708 2400 relin-
1761 2406 1766 2410 g

259 2426 363 2460 quere
387 2413 526 2447 coactis.
570 2422 645 2445 cum
670 2411 755 2443 haec
771 2412 930 2456 Aegyptii
944 2412 1197 2458 philadelphiae
1211 2416 1402 2456 patrassent
1413 2411 1447 2445 in
1461 2412 1647 2454 barbaros,
1672 2415 1710 2446 et

260 2459 481 2494 modestiores
503 2462 543 2490 nt
567 2460 700 2499 essent,
725 2467 789 2488 non
815 2457 980 2490 defuturis
998 2458 1126 2491 scilicet
1148 2457 1205 2501 qui
1220 2456 1269 2490 eis
1284 2456 1502 2498 resisterent,
1524 2456 1708 2501 persuasis-

257 2510 354 2545 sent,
385 2504 451 2549 ipsi
473 2502 607 2548 quidem
632 2500 774 2534 ulterius
800 2501 867 2534 iter
890 2513 984 2535 suum
1008 2503 1317 2547 prosequebantur,
1341 2500 1474 2535 barbari
1486 2501 1574 2534 'vero
1589 2512 1708 2536 versus

257 2552 469 2595 Aegyptum,
494 2559 560 2593 quo
586 2547 638 2580 ire
663 2546 746 2579 iussi
771 2547 921 2588 fuerant,
946 2547 1260 2591 progrediebantur.
1306 2552 1342 2580 et
1358 2547 1526 2579 habebant
1541 2546 1573 2580 hi
1588 2547 1708 2581 ducem

257 2594 491 2634 Hormisdam,
514 2592 650 2627 natione
674 2592 831 2632 Persam,
856 2592 1055 2625 Hormisdae
1077 2593 1165 2626 illius
1186 2591 1309 2632 filium,
1331 2591 1390 2636 qui
1408 2602 1480 2624 cum
1497 2591 1627 2626 Iuliano
1643 2591 1708 2626 im-

257 2645 415 2685 peratore
430 2639 518 2673 bello
534 2642 653 2671 contra
667 2637 790 2671 Persas
803 2637 964 2671 interfuit.

349 2686 406 2719 31.
453 2683 722 2718 Adventantibus
737 2682 772 2715 in
787 2682 1018 2715 Macedoniam
1036 2681 1232 2727 Aegyptiis,
1255 2681 1370 2715 etiam
1387 2680 1575 2724 legionibus
1590 2691 1706 2716 eorum

257 2729 404 2765 locorum
417 2729 597 2775 adscriptis
607 2753 619 2773 ,
648 2728 756 2762 nullus
772 2731 846 2762 erat
858 2727 894 2762 in
909 2727 1030 2762 castris
1044 2727 1129 2762 ordo
1140 2754 1151 2772 ,
1183 2726 1307 2762 nullum
1323 2725 1469 2761 Romani
1489 2726 1546 2761 vel
1568 2725 1707 2761 barbari

1803 2681 1812 2838 ...amand-i.
1805 2590 1812 2665 mu*
1807 2558 1812 2574 .-
1807 2524 1812 2543 .-
