1812 3016
273 89 371 136 252
897 89 1092 160 zosnm

273 206 348 256 δας
374 201 493 254 ι’ίντας
522 201 747 259 ἐξαγαγεῖν,
777 200 832 253 ὥς
857 200 1023 256 ἑτοίμων
1046 199 1230 245 ἁπάντων
1254 203 1309 253 εἰς
1327 200 1477 247 ἅλωσιν
1499 201 1707 257 ἐσομένων.

271 273 334 314 ἐπὶ
366 270 521 322 τούτοις
541 270 750 327 Ἀλάριχος
776 275 856 313 τῶν
889 269 1052 329 Θρᾴκης
1079 271 1321 313 ἀντανίστατο
1351 269 1502 322 τόπων,
1543 273 1609 313 καὶ
1642 272 1706 313 ἐπὶ

269 341 531 383 Μακεδονίαν
558 337 697 395 προῄει
728 340 795 380 καὶ
827 339 1073 389 Θεσσαλίαν,
1113 337 1243 381 πάντα
1268 336 1634 395 καταστρεφόμενος
1654 338 1707 380 τὰ

269 408 310 449 ἐν
326 409 450 465 μέσῳ.
514 406 717 463 γενόμενος
737 407 780 448 δὲ
807 407 1078 463 Θερμοπυλῶν
1101 407 1266 460 πλησίον
1285 404 1428 460 ἔπεμπε
1449 404 1587 464 λάθρᾳ
1606 405 1707 462 πρὸς

263 476 464 529 Ἀντίοχον
497 475 566 517 τὸν
600 473 833 517 ἀνθύπατον
854 476 920 519 καὶ
943 477 984 516 Γ
981 473 1152 531 ερόντιον
1171 474 1239 516 τὸν
1260 471 1503 531 ἐφεστηκότα
1524 477 1575 530 τῇ
1601 473 1738 530 Oce-5

268 547 460 597 μοπυλῶν
483 547 644 600 φυλακῇ
663 543 757 592 τούς
776 543 846 596 τὴν
868 543 1014 599 ἔφοδον
1033 542 1304 598 ἀγγελοῦντας.
1371 544 1438 584 καὶ
1467 539 1488 582 ὅ
1512 543 1585 594 μὲν
1607 541 1706 583 ἀπε-

128 629 159 651 a.
183 617 250 652 396
269 610 393 668 χώρει
421 611 523 664 μετὰ
553 615 632 652 τῶν
655 609 865 667 φυλάκων,
899 610 1076 660 ἐνδιδοὺς
1095 611 1308 666 ἐλευθέραν
1326 611 1394 651 καὶ
1415 607 1616 652 ἀκώλυτον
1635 608 1708 662 τὴν

271 681 335 721 ἐπὶ
360 679 433 732 τὴν
446 677 622 720 Ἑλλάδα
646 677 823 734 πάροδον
844 685 927 728 τοῖς
945 676 1190 734 βαρβάροις·
1224 677 1262 718 οἱ
1283 678 1326 719 δὲ
1343 679 1406 718 ἐπὶ
1426 678 1534 718 λείαν
1551 677 1708 729 ἕτοιμον

268 751 351 790 τῶν
372 747 504 802 ἀγρῶν
525 748 592 788 καὶ
612 750 783 799 παντελῆ
805 750 885 788 τῶν
905 745 1055 788 πόλεων
1078 744 1273 789 ἀπώλειαν
1294 743 1490 801 ἐχώρουν,
1523 743 1618 793 τούς
1635 743 1709 797 μέν

271 814 424 870 ἄνδρας
442 812 594 870 ἡβηδὸν
616 812 957 869 ἀποσφάττοντες,
990 812 1183 869 παιδάρια
1204 813 1247 854 δὲ
1268 814 1336 854 καὶ
1355 818 1545 867 γυναῖκας
1566 812 1708 866 ἀγελη,
1721 819 1765 854 10

273 882 345 925 δὸν
366 881 452 936 ἅμα
471 886 529 938 τῷ
551 880 709 938 πλούτῳ
730 883 846 923 παντὶ
869 879 1101 935 ληϊζόμενοι.
1169 882 1235 923 καὶ
1254 878 1279 934 ἦ
1298 881 1371 933 μὲν
1389 880 1566 921 Βοιωτία
1584 883 1710 929 πᾶσα,

275 952 342 992 καὶ
364 949 440 991 ὅσα
460 949 562 1003 μετὰ
582 949 654 1003 τὴν
678 949 755 991 ἀπὸ
783 949 1055 1005 Θερμοπυλῶν
1077 948 1231 991 εἴσοδον
1246 938 1456 1002 Ἑλληνικὰ
1477 947 1575 1001 ἔθνη
1597 948 1710 1000 διῆλο

274 1022 356 1060 θον
377 1018 414 1059 οἱ
433 1016 659 1074 βάρβαροι,
694 1016 837 1060 ἔκειντο
861 1017 932 1071 τὴν
952 1017 993 1066 ἐξ
1012 1017 1158 1058 ἐκείνου
1178 1016 1294 1072 μέχρι
1315 1019 1386 1057 τοῦ
1404 1019 1474 1056 νῦν
1489 1030 1712 1070 καταστρο-

277 1085 359 1143 φὴν
389 1083 551 1127 διδόντα
581 1091 665 1136 τοῖς
695 1085 913 1138 θεωμένοις
946 1082 1068 1141 δρᾶν,
1102 1082 1234 1138 μόνων
1269 1084 1460 1138 Θηβαίων
1484 1082 1552 1124 διὰ
1574 1081 1620 1124 τὸ
1641 1085 1714 1135 τῆς

274 1152 429 1203 πόλεως
447 1152 593 1208 ὀχυρὸν
613 1154 937 1208 περισωθέντων,
971 1154 1037 1196 καὶ
1059 1151 1118 1193 ὅτι
1139 1149 1320 1194 σπεύδων
1337 1151 1410 1200 τὰς
1422 1147 1598 1205 Ἀθήνας
1613 1147 1714 1190 ἑλεῖν
1723 1153 1766 1188 15

269 1219 479 1278 Ἀλάριχος
498 1221 570 1261 οὐκ
588 1221 743 1274 ἐπέμενε
763 1225 813 1278 τῇ
828 1219 979 1266 τούτων
997 1220 1216 1278 πολιορκίᾳ.
1288 1219 1479 1272 Θηβαίων
1497 1218 1628 1259 τοίνυν
1646 1215 1713 1260 διὰ

273 1293 391 1330 τοῦτο
429 1287 724 1344 ἐκπεφευγότων
753 1289 816 1329 ἐπὶ
846 1288 919 1337 τὰς
944 1286 1123 1341 Ἀθήνας
1146 1284 1307 1342 ἐχώρει,
1340 1286 1469 1344 ῥᾷστα
1496 1284 1568 1339 τὴν
1599 1283 1714 1325 πόλιν

273 1355 452 1409 οἰόμενος
485 1355 583 1399 ἑλεῖν
613 1355 680 1396 διὰ
701 1355 746 1398 τὸ
766 1356 937 1410 μέγεθος
961 1359 1040 1396 τῶν
1060 1354 1171 1396 ἔνδον
1194 1357 1454 1410 φυλαχθῆναι
1473 1352 1520 1394 οὖ
1542 1351 1714 1405 δυναμέ-

264 1441 366 1478 ινην,
401 1425 468 1465 καὶ
499 1424 660 1478 προσέτι
690 1426 763 1467 τοῦ
792 1425 997 1478 Πειραιῶς
1019 1422 1205 1475 ἐχομένου
1229 1420 1369 1464 σπάνει
1389 1424 1468 1462 τῶν
1489 1420 1716 1473 ἐπιτηδείων

271 1492 364 1547 μετ’
401 1491 447 1532 οὗ
481 1491 581 1535 πολὺ
610 1491 967 1546 πολιορκουμένους
997 1488 1192 1532 ἐνδώσειν.
1257 1489 1352 1531 ἀλλ’
1378 1486 1492 1543 ὃμὲν
1507 1485 1771 1543 Ἀλάριχοςὲῦ

273 1560 315 1603 ἓν
335 1557 501 1608 ταύταις
518 1553 566 1612 ἦν
587 1565 676 1607 ταῖς
695 1559 865 1609 ἐλπίσιν,
896 1557 1030 1610 ἔμελλε
1051 1558 1093 1598 δὲ
1111 1555 1136 1611 ἡ
1155 1560 1226 1611 τῆς
1245 1555 1395 1606 πόλεως
1414 1553 1629 1614 ἀρχαιότης
1649 1555 1716 1597 καὶ

276 1628 317 1668 ἐν
352 1625 456 1668 οὕτω
491 1627 700 1679 δυσσεβέσι
735 1633 872 1674 κακοῖς
893 1627 1009 1670 θείαν
1030 1625 1119 1667 τινὰ
1137 1622 1326 1679 πρόνοιαν
1346 1621 1445 1678 ὑπὲρ
1466 1621 1610 1677 ἑαυτῆς
1630 1622 1717 1662 ἐπι-υ

275 1693 516 1736 σπάσασθαι
548 1695 615 1735 καὶ
643 1693 774 1747 μένειν
796 1692 1041 1749 ἀπόρθητος.
1110 1692 1199 1748 (6)
1234 1691 1345 1744 ἄξιον
1368 1691 1411 1734 δὲ
1432 1691 1534 1746 μηδὲ
1554 1690 1626 1744 τὴν
1651 1690 1718 1732 ae·

280 1834 454 1858 versarum
470 1822 615 1865 gentium
631 1822 752 1856 milites
763 1848 774 1864 ‚
809 1821 947 1857 ulterius
964 1821 1121 1860 duceret,
1155 1819 1305 1855 omnibus
1319 1819 1447 1863 absque
1463 1818 1581 1852 labore
1593 1817 1720 1862 potitu-

280 1879 349 1902 rus,
395 1868 444 1900 his
469 1870 576 1900 fretus
595 1868 771 1902 Alarichus
794 1879 814 1900 e
835 1866 982 1900 Thracia
996 1865 1139 1898 dlscedit
1154 1871 1190 1898 et
1203 1866 1237 1898 in
1253 1863 1481 1899 Macedoniam
1496 1862 1721 1896 Thessaliam-

281 1925 348 1957 que
363 1912 596 1956 progreditur,
619 1912 801 1945 interiectis
816 1913 965 1945 omnibus
983 1911 1112 1944 excidio
1130 1910 1228 1944 datis.
1273 1909 1410 1954 propius
1423 1914 1533 1944 autem
1548 1909 1591 1941 ad
1607 1907 1721 1941 'l‘her-

281 1958 432 2001 mopylas
454 1958 584 1990 delatus
605 1958 690 1991 clam
717 1958 760 1990 ad
783 1957 1011 2004 proconsulem
1034 1956 1232 1990 Antiochum
1251 1954 1370 1994 mittit,
1395 1959 1430 1988 et
1454 1954 1498 1987 ad
1521 1952 1721 1986 Gen-nntium

280 2003 585 2045 Thermopylarum
612 2002 786 2035 custodiae
810 2003 1035 2046 praefectum,
1059 2001 1115 2045 qui
1139 2012 1233 2035 suum
1255 1999 1303 2033 eis
1324 1999 1502 2032 adventum
1518 1997 1722 2032 nuntiarent.

282 2047 471 2080 Gerontius
486 2058 558 2079 cum
575 2047 798 2091 praesidiariis
814 2047 981 2086 abscedit,
1006 2047 1246 2089 transitumque
1261 2044 1399 2088 liberum
1414 2044 1502 2077 omni
1516 2043 1644 2087 absque
1657 2042 1721 2076 im-

281 2091 474 2137 pedimento
503 2092 656 2124 barbaris
682 2092 714 2124 in
740 2092 918 2128 Graeciam
939 2092 1106 2136 relinquit.
1150 2091 1197 2126 illi
1211 2100 1292 2122 vero
1308 2089 1352 2123 ad
1367 2099 1466 2132 agros
1480 2087 1568 2121 nullo
1584 2087 1721 2132 negotio

282 2137 485 2183 diripiendos
512 2143 546 2171 et
574 2136 731 2172 delendas
755 2137 888 2183 penitus
904 2138 1002 2170 urbes
1019 2136 1288 2183 progrediuntur.
1333 2133 1488 2178 quicquid
1507 2133 1722 2167 virilis-sexus

282 2188 375 2216 esset
401 2181 586 2225 aetatisque
611 2182 767 2226 puberis,
791 2182 1003 2222 interimunt;
1027 2193 1151 2225 pueros
1178 2186 1213 2213 et
1237 2178 1444 2213 mulierculas
1469 2178 1632 2222 gregatim
1654 2189 1722 2212 una

286 2239 360 2260 cum
383 2227 501 2271 opibus
517 2226 681 2268 universis
697 2237 756 2260 ceu
773 2232 902 2270 partam
917 2227 1076 2275 praedam
1092 2226 1241 2269 abigunt.
1287 2235 1328 2259 ac
1343 2223 1481 2257 Boeotia
1499 2223 1632 2267 quidem
1645 2222 1723 2256 uui-

281 2283 384 2305 versa
410 2272 583 2314 ceterique
605 2272 813 2305 Graecorum
836 2272 973 2316 populi,
999 2282 1214 2315 quoscunque
1232 2274 1307 2314 post
1320 2280 1414 2301 suum
1428 2269 1470 2302 de
1485 2267 1723 2312 Thermopylis

281 2317 464 2361 ingressum
479 2317 640 2351 transiere
654 2317 801 2358 barbari,
822 2317 981 2360 prostrati
997 2317 1160 2356 iacebant,
1183 2326 1223 2350 ac
1238 2314 1428 2347 vastitatem
1444 2314 1486 2346 ab
1501 2313 1557 2346 illo
1571 2319 1722 2357 tempore

284 2373 378 2399 suam
395 2374 482 2395 nunc
497 2373 630 2406 quoque
643 2362 861 2406 spectantium
877 2362 980 2395 oculis
997 2362 1170 2400 exhibent,
1194 2360 1272 2394 solis
1283 2358 1455 2392 Thebanis
1470 2358 1589 2403 partim
1605 2359 1648 2391 ob
1663 2369 1723 2391 ur·-

283 2408 336 2441 bis
350 2408 559 2441 munitionem
576 2407 791 2445 conservatis,
816 2406 937 2451 partim
952 2407 1040 2450 quod
1055 2406 1225 2439 Alarichus
1240 2405 1389 2438 Athenas
1403 2414 1526 2448 capere
1540 2413 1725 2447 properans

283 2464 398 2486 earum
414 2452 577 2490 obsidioni
592 2463 657 2486 non
673 2452 883 2484 inhaesisset.
926 2463 997 2485 cum
1013 2452 1117 2495 igitur
1132 2451 1174 2484 ob
1189 2451 1274 2484 hanc
1287 2460 1420 2482 causam
1435 2448 1589 2482 Thebani
1605 2447 1723 2481 discri-

281 2510 357 2531 men
385 2498 585 2540 evasissent,
610 2498 756 2530 Athenas
783 2497 970 2539 contendit,
994 2496 1147 2532 facillime
1169 2507 1207 2531 se
1229 2495 1344 2528 urbem
1364 2497 1602 2538 occupaturum
1615 2497 1723 2536 ratus,

282 2543 373 2588 quod
401 2548 538 2590 propter
563 2541 808 2586 amplitudinem
831 2541 1019 2575 interiorem
1043 2540 1200 2574 custodiri
1214 2551 1278 2574 non
1293 2543 1427 2583 posset3
1450 2537 1608 2582 quodque
1622 2548 1721 2581 prae-

282 2594 379 2622 terea
401 2588 434 2621 in
458 2592 626 2633 potestate
647 2587 823 2621 Piraeeum
837 2587 998 2629 haberet,
1023 2597 1087 2619 non
1103 2585 1205 2618 multo
1221 2590 1298 2628 post
1313 2583 1427 2627 inopia
1441 2586 1644 2617 commeatus
1656 2582 1721 2615 ob-

283 2643 394 2666 sessos
420 2634 621 2668 deditionem
643 2634 792 2666 facturos
816 2632 968 2675 putabat.
1016 2636 1050 2663 et
1068 2630 1241 2664 Alarichus
1256 2628 1387 2672 quidem
1404 2628 1464 2661 has
1479 2639 1558 2672 spes
1573 2627 1723 2662 fovebat.

284 2690 399 2713 verum
423 2679 516 2712 urbis
540 2677 717 2722 antiquitas
731 2677 832 2711 etiam
845 2677 879 2709 in
893 2682 962 2709 tam
977 2675 1083 2720 impiis
1100 2675 1189 2708 malis
1204 2675 1347 2707 divinam
1364 2672 1526 2717 quandam
1542 2672 1725 2716 providen-

285 2723 366 2758 tiam
395 2729 581 2760 evocatura
610 2734 671 2770 pro
699 2734 738 2757 se
766 2733 807 2757 ac
836 2731 992 2757 mansura
1012 2719 1213 2756 vastationis
1229 2730 1354 2765 expers
1371 2721 1455 2755 erat.
1501 2718 1577 2763 (6)
1601 2728 1728 2763 operae
