1774 3002
263 61 295 107 6
588 57 943 105 ΒΕΙΤΕΜΕΪΕΒΙ
975 55 1372 100 ARGUMENTUM.

268 167 454 213 Tribigildi
473 165 619 200 Orientis
637 164 831 210 provincias
851 163 1071 209 perturbabat
1093 166 1126 196 et
1149 161 1342 206 diripiebat,
1364 161 1404 195 ob
1425 161 1593 195 invidiam
1616 160 1691 193 Eu-

264 215 369 257 tropii
391 218 530 247 mortem
550 213 700 256 postulat
723 210 920 253 (13—18).
954 210 1025 242 iam
1046 209 1152 252 ipsius
1179 208 1293 252 Cpolis
1313 207 1496 250 potiundae
1517 207 1692 240 consilium

264 260 410 298 inierat‚·
432 270 456 291 a
477 258 621 291 Fraiuto
643 260 779 298 autem,
804 255 886 288 duce
907 258 1062 294 strenuo,
1084 254 1246 286 adversus
1268 264 1342 286 eum
1363 257 1553 286 vastantem
1578 252 1692 284 Thra-

264 305 353 338 ciam
385 304 506 346 misso,
541 302 709 342 vincitur,
747 306 781 334 et
811 312 884 333 cum
906 300 1029 333 Istrum
1058 298 1264 340 traiecisset,
1301 298 1343 330 ab
1371 297 1505 331 Hunnis
1529 297 1693 331 occiditur

264 351 391 392 (19-2—
405 348 487 391 22).
556 347 653 390 Cpoli
676 347 718 379 ab
742 346 889 378 Iohanne
910 347 1059 389 episcopo
1081 344 1246 377 tumultus
1268 344 1479 385 excitantur,
1521 342 1599 375 odio
1621 343 1692 375 Au-

264 400 391 439 gustae
422 403 550 427 avarae
572 392 643 436 (23.
668 392 740 434 24).
787 390 901 424 Isauri
929 390 1158 434 praedantur,
1194 399 1309 422 verum
1339 399 1405 421 non
1433 388 1569 432 impune
1589 386 1687 429 (25).

267 440 415 473 Stelicho
440 438 570 471 interea
600 438 641 470 de
663 436 800 479 Illyrico
828 436 1020 479 occupando
1051 434 1194 468 consilia
1217 434 1398 477 agitarat,
1431 433 1512 466 dum
1535 432 1696 465 barbaro-

265 495 340 518 rum
362 485 483 528 ingens
505 482 686 516 multitudo
708 481 885 521 irruebat‚·
925 481 1041 525 quibus
1064 480 1162 513 victis
1186 479 1263 521 (26)
1288 490 1331 512 ne
1354 478 1494 512 consilia
1518 487 1696 522 perseque-

265 535 383 570 retur,
422 529 543 571 duplex
565 527 747 560 intervenit
768 527 923 565 nuntius,
955 525 1075 559 mortis
1101 524 1271 565 Atat-iem,
1305 535 1401 567 quem
1423 524 1460 556 in
1481 534 1562 556 suas
1581 526 1698 566 partes

262 574 482 620 perdici-erat,
506 578 540 606 et
559 572 750 605 rebellionis
773 571 990 606 Constantini
1010 571 1047 603 in
1061 569 1245 603 Britannia
1261 570 1349 612 (27).
1370 568 1570 603 Stelichonis
1583 572 1699 601 tamen

257 621 343 664 filia
367 619 515 652 Honorio
538 618 634 650 nubit
665 617 757 660 (28).
807 617 1011 656 Alarichus,
1049 616 1143 648 cuius
1171 625 1262 648 mors
1285 615 1383 657 falso
1415 614 1576 647 nuntiata
1609 616 1699 653 erat,

264 665 373 709 Epiro
396 663 516 697 relicta
539 674 653 696 versus
675 662 813 695 ltaliam
835 666 962 703 movet,
996 661 1174 705 pecuniam
1200 671 1337 704 poscens
1371 671 1394 693 a
1417 659 1607 693 Stelichone
1635 656 1700 690 sibi

264 710 464 755 promissam
487 709 579 752 (29).
625 707 794 740 Honorius
815 707 1017 740 Ravennam
1042 706 1152 739 Roma
1183 706 1306 739 relicta
1330 705 1424 747 abit,
1463 715 1536 738 cum
1559 703 1700 736 nuntius

265 755 309 789 de
330 755 472 788 Arcadii
494 757 598 786 morte
620 754 765 797 affertur
787 752 881 795 (30).
929 756 1048 785 contra
1070 751 1301 789 Steliclzonem,
1327 751 1386 794 qui
1407 751 1445 783 in
1461 750 1630 782 Orientem
1653 747 1701 780 ad

265 811 321 836 res
349 800 398 832 ibi
429 799 637 832 ordinandas
669 800 838 840 profectus
870 801 966 837 erat,
1017 797 1206 829 calumnias
1235 796 1328 839 apud
1354 795 1591 839 imperatorem
1620 793 1701 826 serit

269 844 464 890 Olympius,
495 844 589 876 homo
620 842 803 875 simulatae
821 842 960 886 pietatis
985 841 1078 885 (31).
1123 842 1248 874 milites
1271 849 1307 874 eo
1332 845 1467 874 auctore
1489 840 1702 872 tumultuan-

266 894 346 929 tur‚·
373 889 519 922 stelione
542 899 694 921 reversus
717 888 899 930 corripitur
921 891 953 921 et
974 891 1127 928 necatur,
1149 885 1333 929 propinqui
1357 886 1428 920 eius
1451 885 1703 928 interficiuntur

266 939 301 969 et
324 935 410 967 bona
429 933 645 978 publicantur
670 932 862 975 (32—35).
910 943 974 976 quo
995 932 1114 965 audito
1132 931 1325 972 Alarichus,
1350 932 1404 963 cui
1426 931 1573 963 nondum
1595 929 1702 962 satis-

261 983 400 1024 factum
424 983 517 1019 crat,
552 979 695 1011 Romam
717 978 864 1019 obsidet,
900 978 1068 1021 persoluto
1093 982 1206 1010 autom
1229 977 1260 1009 ei
1283 987 1366 1009 auro
1389 976 1427 1008 in
1451 975 1607 1008 Tusciam
1631 973 1704 1006 abit

269 1025 466 1067 (35—42).
500 1024 629 1068 legatio
654 1022 873 1056 Constantini
895 1023 942 1055 ad
963 1022 1150 1055 Honorium
1173 1021 1276 1064 (43);
1303 1021 1414 1054 altera
1436 1021 1483 1054 ad
1506 1031 1579 1053 eum
1601 1030 1704 1052 sena-

267 1075 324 1104 tus
346 1069 513 1112 Romani,
536 1074 577 1103 ut
595 1069 761 1112 promissa
782 1068 942 1101 Alaricho
965 1071 1167 1110 praestaret,
1189 1067 1294 1100 irrita
1317 1065 1407 1109 (44).
1456 1066 1488 1099 is
1509 1066 1567 1098 ira
1587 1064 1705 1097 incen-

269 1127 326 1148 sus
349 1115 531 1157 Ataulfum
563 1125 638 1146 cum
667 1113 738 1146 suis
771 1113 926 1146 barbaris
957 1113 1098 1145 arcessit
1133 1111 1225 1154 (45).
1274 1111 1448 1154 Olympius
1470 1114 1650 1143 accinatur
1671 1112 1705 1142 et

267 1160 306 1193 in
328 1159 538 1193 Dalmatiam
553 1158 683 1203 fugit3
708 1158 894 1191 Generidus
916 1162 1029 1190 autem
1051 1157 1102 1190 rei
1123 1156 1271 1189 militari
1289 1160 1425 1200 praeest
1448 1154 1538 1197 (46).
1585 1153 1705 1188 seditio

269 1209 351 1239 orta
372 1205 520 1238 militum
542 1204 727 1237 Ravennae
750 1204 839 1245 (47).
893 1213 968 1235 cum
991 1201 1102 1234 lobias
1126 1201 1167 1234 de
1187 1212 1272 1243 pace
1294 1212 1368 1234 cum
1383 1200 1543 1233 Alaricho
1570 1203 1705 1243 ageret,

268 1250 516 1283 condicionibus
539 1260 605 1282 non
628 1248 772 1291 acceptis
790 1248 844 1280 hic
860 1246 969 1279 iratus
982 1247 1099 1290 pergit
1112 1246 1163 1279 ire
1181 1246 1343 1286 Romam;
1362 1245 1578 1289 paenitentia
1591 1250 1706 1279 tamen

269 1299 383 1330 tactus
405 1294 586 1327 Alarichus
608 1293 732 1327 iterum
751 1303 869 1336 pacem
890 1291 975 1335 petit
997 1290 1195 1334 (48—51).

358 1372 440 1404 Lm.
472 1371 527 1404 VI.
573 1370 776 1411 Alarichus,
811 1381 883 1405 cum
906 1369 970 1401 sibi
993 1368 1035 1401 ab
1058 1367 1262 1411 imperatore
1283 1367 1497 1411 satisfactum
1519 1378 1586 1400 non
1609 1370 1706 1408 esset,

269 1428 346 1452 cum
367 1415 531 1450 universis
554 1416 656 1458 copiis
678 1415 821 1449 Romam
841 1414 1079 1457 proficiscitur.
1125 1425 1189 1456 quo
1211 1418 1356 1456 tempore
1377 1424 1467 1446 nova
1491 1411 1707 1445 Constantini

270 1462 411 1505 tyranni
434 1461 563 1505 legatio
586 1461 633 1493 ad
656 1460 843 1493 Honorium
865 1460 957 1491 venit
981 1459 1028 1499 (c.
1054 1458 1100 1500 1).
1146 1458 1278 1491 interea
1309 1458 1424 1501 copiae
1455 1458 1492 1490 in
1520 1457 1707 1490 Britannia

269 1508 470 1541 rebellantes
493 1506 729 1548 imperatorem
752 1506 926 1548 elegerant
942 1503 1096 1536 Marcum
1118 1507 1150 1536 et
1173 1514 1208 1536 eo
1231 1503 1334 1536 occiso
1353 1503 1560 1536 Gratianum
1582 1506 1615 1536 et
1633 1505 1709 1545 pont

269 1552 372 1586 huius
393 1562 504 1585 necem
529 1551 806 1585 Constantinum.-
829 1550 859 1582 is
882 1560 955 1582 cum
979 1549 1080 1592 copiis
1104 1549 1150 1580 ad
1172 1548 1401 1591 occupandam
1422 1548 1575 1581 Galliam
1598 1547 1707 1580 traie-

271 1597 337 1630 ctis
358 1597 446 1630 Saro
470 1596 592 1635 instat,
625 1595 771 1628 Honorii
794 1595 881 1627 duci.
938 1594 1198 1628 Constantinus.
1231 1593 1371 1640 Alpibus
1390 1593 1564 1638 praesidio
1579 1593 1710 1634 firma,

270 1642 337 1683 tis,
363 1642 579 1675 Constantem
594 1641 716 1682 filium
742 1641 919 1672 Caesarem
942 1639 1026 1671 dicit
1047 1643 1081 1671 et
1100 1638 1135 1670 in
1151 1638 1358 1681 Hispaniam
1379 1638 1485 1671 mittit
1493 1650 1505 1678 ς
1527 1637 1586 1670 ubi
1606 1637 1709 1669 victis

273 1687 453 1721 Theodosii
484 1685 698 1727 imperatoris
719 1685 888 1728 affinibus
911 1684 1026 1719 ducem
1053 1683 1214 1726 relinquit
1239 1684 1445 1727 Gerontium.
1499 1682 1528 1714 is
1551 1682 1710 1726 graviter

267 1734 385 1775 ferens
407 1731 513 1763 alium
536 1730 651 1762 ducem
674 1741 741 1762 esse
768 1730 1002 1769 constitutum,
1031 1728 1176 1771 impellit
1207 1728 1367 1761 barbaros
1392 1728 1445 1760 ‘ad
1467 1727 1711 1770 defectionem,-

273 1788 339 1820 quo
355 1776 409 1819 sit
432 1780 472 1809 ut
494 1774 659 1808 Britanni
683 1775 842 1818 Gallique
865 1786 887 1806 a
909 1774 1071 1806 Romanis
1095 1773 1280 1806 desciscant
1303 1772 1456 1814 (2-5).
1514 1771 1708 1812 Alarichus,

274 1821 371 1855 cuius
392 1821 460 1854 iter
481 1821 553 1853 iam
574 1824 795 1853 memoratum
818 1823 878 1859 est,
902 1819 1044 1853 Romam
1068 1818 1237 1851 obsidione
1257 1817 1467 1855 circumdat‚·
1489 1820 1609 1852 senatu
1621 1827 1710 1860 gra-

273 1866 331 1904 'ves
353 1866 463 1899 subire
485 1865 690 1899 condiciones
714 1869 826 1900 coacto
843 1865 999 1901 Attalum
1022 1864 1259 1907 imperatorem
1282 1863 1386 1902 dicit3
1412 1862 1612 1894 Ravennam
1630 1872 1712 1904 per-

274 1912 332 1956 git
355 1911 406 1953 (6.
433 1910 483 1953 7),
508 1911 595 1943 unde
619 1910 789 1945 Honorius
811 1921 848 1942 re
871 1909 1010 1952 cognita
1033 1909 1104 1941 iam
1119 1910 1250 1950 fugam
1271 1908 1309 1940 in
1325 1907 1492 1940 Orientem
1513 1910 1619 1949 parat
1642 1906 1711 1948 (8).

274 1966 351 1988 cum
373 1959 486 1988 autem
509 1955 642 1990 socorde
665 1959 786 1997 ageret
810 1955 968 1992 Attalus,
1006 1953 1189 1985 maledicta
1219 1952 1257 1984 in
1288 1963 1364 1984 eum
1393 1951 1487 1994 apud
1508 1951 1711 1985 Alarichum

276 1999 388 2038 lobias
410 1999 491 2033 serit
515 2000 580 2042 (9).
606 1999 758 2041 reliquae
781 1999 913 2045 quidem
938 1998 1061 2035 ltaliae
1083 1997 1237 2030 civitates
1252 1996 1414 2031 Alaricho
1433 2006 1555 2039 parere
1577 2006 1712 2038 cogun-

278 2050 337 2078 tur
361 2045 459 2087 (10),
492 2055 608 2077 verum
631 2045 785 2085 Africam
807 2042 958 2084 defendit
981 2042 1218 2075 Heraclianus.
1264 2041 1387 2074 clausis
1410 2045 1523 2074 autem
1546 2040 1711 2083 portubus

273 2092 371 2134 fame
393 2089 541 2122 Romani
563 2094 731 2132 urgentur
755 2088 834 2129 (11)
846 2099 860 2127 ς
881 2098 948 2131 qua
970 2097 1007 2119 re
1028 2087 1231 2130 indignatus
1246 2085 1427 2118 Alarichus
1441 2085 1558 2118 Attalo
1579 2096 1711 2128 purpu-

279 2145 357 2168 ram
379 2134 469 2167 eaeuit
481 2134 578 2224 ((115).
622 2134 718 2178 pacis
750 2143 859 2167 novae
892 2131 1138 2167 condicionibus
1168 2131 1240 2170 iam
1261 2130 1411 2180 agitatis
1434 2130 1543 2167 Sarus
1563 2130 1710 2178 impedi-

281 2184 389 2217 mento
409 2183 460 2215 est
506 2181 526 2218 ,¹
564 2204 572 2212 .
