1812 3016
261 78 359 126 432

302 187 364 223 filii
389 187 461 222 eius
483 188 665 224 Tbeodosii
687 201 800 225 curam
825 190 964 236 suscipit

304 234 476 268 Honorius
497 236 575 278 290,
603 237 653 270 14.
709 237 846 270 Arcadii
872 237 961 271 filius

302 279 462 313 Ioannem
483 285 615 325 patrem
637 281 790 316 habuisse
814 282 962 317 creditus

299 326 382 367 271,
411 326 446 359 4.
506 326 640 360 Arcadii
674 338 761 360 uxor
789 339 962 371 arrogans,

302 370 460 403 eunuchis
477 375 512 404 et
527 372 725 406 mulierculis
739 373 894 418 palatinis
908 374 962 408 ni-

301 416 398 449 mium
416 415 531 450 dedita
543 419 621 458 280,
636 417 671 452 5.

258 460 394 494 Arelate
410 472 487 505 opp.
506 462 638 495 Galliae
651 464 730 506 290,
747 464 803 500 23.

256 507 425 540 Arethusa
441 508 520 540 urbs
536 508 662 551 Syriae
677 510 732 549 46,
748 510 781 543 6.

255 552 408 595 argentei
428 552 493 586 130
507 553 646 596 singulis
672 553 832 588 militibus
846 554 962 590 donati

306 598 381 638 143,
398 599 450 633 10.
497 598 628 631 centeni
646 600 721 640 151,
740 601 774 634 2.

254 645 515 686 Argentoratum
532 655 610 689 opp.
628 644 670 678 ad
686 645 797 679 Rheni
811 645 902 691 ripas
918 646 962 680 si-

301 693 373 721 tum
391 688 467 727 125,
486 691 539 723 10.

257 734 350 776 Argo
374 745 434 778 pei·
451 733 520 767 400
542 733 649 768 stadia
666 735 820 769 terrestri
842 735 964 771 itinere

304 785 404 812 vecta
417 779 497 820 286,
510 780 565 815 22.

257 825 476 867 Argonautae
504 826 643 858 Aeetam
677 835 743 869 qua
770 825 963 870 effugerint,

306 873 342 902 et
360 869 520 902 transitus
544 874 789 904 monumentum
804 872 893 916 quod
907 884 965 907 re-

303 914 462 958 liquerint
478 915 558 956 286,
574 918 630 949 20.

260 960 441 993 Ariminum
479 960 560 993 urbs
597 959 782 994 Flaminiae
817 962 897 1003 300,
931 964 962 997 1.

304 1006 371 1084 304
407 1004 537 1038 milibus
596 1007 762 1040 Ravenna
813 1007 962 1042 dissitum

257 1076 458 1129 Arinth’aeus
481 1095 597 1129 Iuliani
618 1095 779 1139 dux145,
798 1098 851 1132 13.
898 1109 961 1143 pa-

301 1141 397 1174 ludes
416 1142 511 1174 Pers.
528 1146 697 1174 scrutatur
713 1143 790 1183 158,
806 1144 861 1178 22.
909 1144 962 1177 le-

302 1191 402 1230 gatur
417 1187 458 1220 ad
475 1186 656 1220 faciendam
681 1198 754 1220 cum
768 1188 882 1221 Persis
898 1200 963 1233 pa·-

302 1243 374 1265 cem
392 1233 467 1274 167,
486 1233 538 1266 18.
596 1232 703 1265 locum
717 1236 753 1266 et
766 1233 962 1278 dignitatem

302 1288 395 1310 suam
412 1278 537 1310 retinet
554 1279 629 1318 175,
649 1279 702 1312 17.

255 1333 350 1356 arma
378 1328 497 1356 vetera
525 1323 560 1355 in
591 1322 783 1357 civitatibus
815 1327 962 1368 reperta,

300 1367 679 1448 ῗῗξέοφὲξεέἓῖεἭῗ
694 1369 961 1448 Ἒῐπὲἳὲἒὲᾚ

669 1438 678 1455 ,
733 1439 742 1447 .

301 1458 470 1491 certamini
498 1457 696 1492 destinatum
721 1458 862 1492 stadium
881 1464 961 1493 ante

300 1502 416 1536 urbem
444 1505 521 1545 117,
546 1505 579 1537 6.
641 1503 740 1536 armis
765 1504 961 1550 spoliantur,

299 1553 336 1582 et
391 1548 583 1582 venduntur
642 1550 782 1593 fugaces
841 1549 963 1584 milites

300 1594 379 1635 183,
397 1595 451 1628 16.

254 1644 423 1673 armatura
456 1638 571 1682 gravis
603 1638 636 1672 in
667 1639 878 1684 profectione
910 1639 963 1674 iu-

301 1685 420 1717 mentis
435 1684 615 1728 imponitur
632 1685 707 1727 144,
726 1687 757 1719 1.

257 1730 434 1764 Armeniae
450 1741 528 1773 pars
544 1730 649 1763 maior
664 1730 823 1765 Romanis
838 1742 858 1765 a
875 1731 963 1766 Per-

300 1775 348 1808 sis
367 1775 524 1808 adimitur
541 1776 616 1817 168,
632 1775 666 1809 4.
816 1815 818 1817 ,

255 1820 469 1855 Armorichus
492 1821 583 1854 Gall.
607 1820 782 1864 provincia
802 1821 837 1855 in
857 1820 963 1856 liber-

302 1870 406 1898 tatem
420 1877 457 1898 se
472 1866 590 1899 asserit
604 1867 681 1908 322,
700 1868 754 1901 11.

259 1911 402 1945 Arsaces
432 1911 604 1944 Persicum
643 1915 679 1945 et
710 1911 963 1946 Macedonicum

301 1955 473 2000 imperium
516 1956 560 1989 ad
604 1957 748 1990 Parthos
791 1958 964 1992 transtulit

283 1998 286 2003 ’
302 2003 360 2042 21,
377 2003 408 2036 6.
468 2001 627 2035 Arsacius
650 2003 818 2036 eunuchus
833 2004 910 2041 300.
927 2005 961 2037 8.

301 2047 343 2080 ad
368 2046 564 2090 supplicium
591 2046 783 2092 deposcitur
806 2058 827 2081 a
847 2047 962 2082 militi-

303 2092 365 2124 bus
380 2092 458 2135 313,
477 2092 530 2125 18.

257 2139 462 2171 Artaxerxes
478 2137 635 2169 decessor
652 2137 790 2181 Saporis
807 2138 863 2180 21,
879 2137 914 2172 3.

256 2184 299 2216 ad
317 2182 529 2216 Artemisium
548 2193 659 2226 pugna
676 2183 709 2224 9,
723 2183 757 2217 3.

254 2227 429 2272 Aspendus
447 2238 527 2271 opp.
542 2228 620 2266 267,
637 2229 670 2261 7.

253 2284 406 2307 assessor
431 2277 466 2305 et
493 2271 700 2306 consiliarius
723 2283 769 2305 ex
794 2271 958 2306 advocato

298 2320 376 2360 289,
397 2319 451 2351 12.

255 2375 433 2406 assurgere
459 2362 599 2407 principi
627 2361 786 2402 intranti,
822 2361 958 2395 honoris

299 2409 429 2452 signum
445 2408 545 2442 etiam
561 2407 650 2451 apud
664 2408 787 2440 Persas
802 2407 857 2449 92,
876 2408 929 2441 12.

253 2453 296 2486 ad
333 2455 463 2497 asylum
501 2453 762 2486 Christianorum
805 2452 959 2495 confugit

298 2510 376 2532 reus
405 2510 439 2532 v.
471 2499 620 2532 ecclesia.
685 2497 772 2540 asyli
801 2496 852 2530 ius
882 2497 958 2540 lege

298 2544 459 2577 sancitum
487 2543 638 2577 ecclesiis
662 2544 741 2585 259,
761 2544 794 2577 7.
850 2543 958 2575 eccle-

297 2589 365 2622 siae
410 2589 568 2633 religiose
614 2593 728 2621 tuetur
780 2587 957 2632 episcopus

298 2634 378 2676 295,
399 2635 452 2668 15.
513 2634 608 2677 asylo
639 2638 752 2667 sontes
783 2633 958 2667 extrahere

298 2690 364 2712 non
381 2679 482 2712 audet
497 2680 640 2724 populus
653 2680 730 2719 272,
748 2679 800 2713 19.

254 2724 410 2758 Ataulsus
434 2725 478 2759 ab
501 2724 658 2759 Alaricho
680 2735 753 2758 cum
770 2723 873 2769 copiis
888 2722 957 2758 suis

710 82 890 127 INDEX
923 83 1271 129 HISTORICUS.

1051 191 1234 226 arcessitur
1247 192 1324 235 299,
1343 192 1397 228 15.
1450 204 1513 239 per
1543 193 1646 239 Alpes
1675 193 1709 227 in

1049 237 1224 271 Venetiam
1242 242 1400 281 penetrat
1413 238 1494 283 311,
1508 241 1542 275 2.
1589 240 1709 273 Sarum

1050 282 1244 326 aggreditur
1257 283 1336 324 328,
1352 283 1405 318 17.

1005 328 1123 362 Ateius
1149 327 1274 372 Capito
1297 328 1516 363 saecularium
1541 329 1625 363 ritus
1648 340 1710 363 ex-

1051 373 1147 417 ponit
1167 374 1223 415 67,
1239 374 1271 408 2.

1005 417 1248 452 Athanarichus
1297 418 1502 461 Scytharum
1553 418 1710 464 princeps

1050 464 1130 505 213,
1147 463 1180 499 3.
1227 474 1248 496 a
1269 463 1463 497 Theodosio
1485 464 1711 497 honorificen-

1050 508 1176 542 tissime
1191 513 1352 553 exceptus
1369 514 1403 542 et
1417 509 1568 553 sepultus
1582 509 1662 552 213,
1677 510 1711 543 7.

1004 554 1157 589 Athenae
1173 564 1193 586 a
1209 553 1346 597 Scythis
1362 558 1574 598 expugnatae
1589 555 1710 598 36,17.

1051 602 1165 632 terrae
1187 604 1294 632 motus
1311 599 1492 643 periculum
1507 610 1574 643 quo
1590 599 1710 632 merito

1052 643 1234 687 effugerint
1250 645 1326 683 192,
1340 645 1396 678 21.
1441 644 1588 678 Alarichi
1604 644 1711 688 impe-

1051 692 1122 722 tum
1138 692 1176 721 ut
1191 689 1373 732 effugerint
1385 689 1464 729 253,
1483 692 1514 724 1.

1007 734 1230 770 Athenienses
1249 734 1371 778 insigni
1385 734 1428 768 de
1441 734 1555 768 Persis
1567 733 1712 768 victoria

1053 778 1276 812 inclarescunt
1290 780 1322 822 9,
1337 780 1371 814 3.
1427 790 1539 814 muros
1553 791 1632 813 suos
1648 779 1710 812 ad—

1052 835 1186 858 versum
1217 825 1366 868 Scythas
1391 823 1579 858 instaurant
1598 825 1654 864 29,
1677 825 1708 858 1.

1052 869 1225 904 lavatione
1253 869 1416 914 hospitem
1442 869 1612 915 excipiunt
1632 870 1711 910 253,

1054 917 1109 950 12.
1172 914 1419 948 Atheniensium
1437 919 1472 949 et
1486 915 1712 949 Lacedaemo-

1052 960 1180 994 niorum
1197 961 1368 993 contentio
1384 960 1427 993 de
1440 960 1583 1005 primatu
1597 961 1711 993 Grae-

1005 1005 1711 1086 AtfissffofiiiipgiffffSoessziz'issdiiffesstiss

1052 1100 1104 1130 est
1120 1098 1288 1138 Augustus
1306 1097 1358 1138 12,
1375 1097 1429 1132 17.

1005 1142 1112 1175 Athos
1125 1142 1294 1185 perfossus
1308 1142 1342 1182 9,
1361 1143 1392 1175 1.

1006 1187 1208 1220 Atlanticum
1224 1197 1315 1220 mare
1332 1186 1408 1228 129,
1423 1187 1456 1220 4.

1005 1232 1142 1266 Attalus
1156 1231 1288 1276 legatus
1301 1233 1381 1272 308,
1397 1233 1451 1266 20.
1511 1231 1594 1264 fisco
1608 1240 1711 1276 prae-

1051 1277 1165 1311 ficitur
1188 1278 1232 1310 ab
1253 1276 1406 1311 Honorio
1420 1277 1499 1320 309,
1514 1277 1548 1311 4.
1609 1287 1711 1320 prae-

1050 1323 1162 1356 fectus
1187 1322 1298 1365 urbis‚
1326 1323 1467 1356 Romam
1490 1321 1533 1354 ab
1557 1321 1710 1355 Honorio

1049 1367 1192 1401 mittitur
1207 1368 1348 1409 311,17.
1390 1380 1409 1401 e
1420 1367 1638 1412 praefectura
1653 1376 1712 1399 ur-

1049 1411 1138 1445 bana
1156 1412 1309 1445 evehitur
1331 1411 1376 1446 ad
1395 1412 1565 1456 imperium
1581 1412 1660 1453 323,
1674 1411 1709 1445 9.

1048 1457 1092 1491 ab
1116 1457 1271 1491 Alaricho
1295 1467 1447 1503 purpura
1472 1460 1507 1491 et
1524 1456 1711 1491 diademate

1050 1502 1195 1535 nudatur
1208 1503 1286 1545 327,
1302 1503 1356 1537 23.

1006 1546 1041 1581 in
1055 1548 1222 1581 Aventino
1238 1547 1341 1581 aedes
1355 1547 1485 1582 Dianae
1499 1549 1556 1591 67,
1570 1549 1628 1583 22.

1006 1593 1282 1637 Augustodunum
1296 1604 1373 1637 opp.
1391 1595 1467 1636 108,
1486 1595 1518 1628 1.

1005 1648 1086 1673 aves
1113 1638 1276 1671 adversus
1302 1638 1505 1673 locustarum
1519 1638 1609 1673 luem
1622 1636 1712 1673 divi-

1050 1684 1138 1717 nitus
1153 1683 1255 1717 datae
1268 1683 1323 1725 50,
1342 1685 1397 1719 18.

1006 1728 1206 1764 Aurelianus
1220 1728 1299 1774 imp.
1314 1730 1369 1770 42,
1383 1729 1437 1764 14.
1483 1739 1556 1763 cum
1572 1729 1710 1774 Scythis

1051 1774 1087 1808 in
1102 1773 1274 1807 Pannonia
1295 1774 1429 1808 dimicat
1441 1773 1496 1816 42,
1513 1776 1567 1810 16.
1627 1775 1709 1808 Pal-

1050 1830 1209 1862 myrenos
1238 1819 1380 1862 subigit,
1405 1820 1589 1854 Zenobiam
1618 1820 1710 1864 capit

1052 1866 1108 1905 43,
1128 1866 1169 1899 17
1182 1884 1228 1889 -—-
1243 1865 1297 1905 50,
1313 1866 1347 1898 4.
1406 1876 1527 1899 novam
1542 1871 1709 1899 monetam

1051 1910 1186 1956 publice
1208 1909 1376 1943 distribuit
1398 1911 1454 1953 53,
1468 1912 1523 1944 21.
1585 1921 1708 1954 panem

1051 1956 1184 2001 publice
1198 1955 1326 1988 Romae
1337 1955 1569 1997 distribuit54,
1577 1957 1610 1990 2.
1654 1955 1709 1988 in-

1024 2002 1027 2005 '
1051 2001 1143 2035 sidiis
1156 1999 1338 2034 exstinctus
1352 2000 1408 2043 54,
1426 2001 1478 2035 16.
1539 1999 1710 2034 Aureliani

1050 2046 1170 2079 caedes
1194 2045 1384 2079 vindicatur
1406 2045 1462 2085 56,
1488 2046 1541 2080 16.
1598 2046 1710 2080 Aure-

1049 2091 1158 2125 lianus
1174 2090 1286 2124 consul
1299 2091 1378 2132 270,
1394 2090 1451 2124 23.

1005 2146 1178 2170 aureorum
1194 2135 1329 2177 triginta
1346 2134 1479 2169 milibus
1497 2134 1600 2169 filium
1615 2135 1710 2170 redi-

1048 2181 1109 2215 mit
1126 2186 1222 2224 pater
1237 2181 1314 2222 310,
1332 2180 1385 2214 15.

1003 2227 1170 2261 Aureolus
1196 2225 1358 2270 equitatui
1379 2225 1540 2259 adversus
1554 2225 1708 2260 Postumi

1048 2271 1262 2305 rebellionem
1291 2270 1360 2303 dux
1389 2270 1621 2315 praepositus,
1650 2282 1707 2304 res

1047 2327 1154 2350 novas
1170 2321 1205 2349 et
1218 2316 1290 2359 ipse
1306 2315 1439 2349 molitur
1452 2317 1508 2359 36,
1523 2316 1556 2350 4.
1578 2316 1635 2360 37,
1652 2315 1706 2353 15.

1048 2366 1087 2395 ut
1099 2361 1264 2394 interierit
1277 2361 1334 2402 38,
1353 2362 1405 2395 12.

1002 2407 1173 2440 Auxanius
1188 2406 1294 2450 praes.
1308 2411 1416 2449 praet.
1435 2406 1511 2448 185,
1527 2407 1562 2440 2.

1002 2453 1170 2485 Axiochus
1186 2451 1329 2484 Musonii
1344 2451 1432 2484 filius
1448 2453 1526 2494 251,
1545 2453 1598 2485 10.

1000 2496 1184 2530 Babdiceni
1198 2507 1279 2539 gens
1294 2496 1475 2529 Persarum
1493 2498 1568 2538 167,
1583 2496 1640 2530 20.

1001 2542 1156 2586 Babylon
1172 2541 1304 2585 capitur
1319 2552 1339 2574 a
1355 2542 1487 2575 Severo
1506 2541 1558 2583 15,
1567 2541 1600 2576 6.
1634 2541 1703 2575 Ba-

1045 2586 1161 2630 byloni
1175 2586 1304 2619 vicinus
1318 2598 1410 2620 mons
1424 2587 1482 2628 41,
1498 2586 1531 2620 3.

1000 2632 1177 2665 Bacaudae
1201 2631 1321 2665 Sarum
1345 2632 1388 2665 ad
1411 2632 1516 2676 Alpes
1532 2630 1705 2677 excipiunt

1001 2721 1164 2757 Bacurius
1178 2721 1353 2757 Armenius
1365 2720 1444 2763 242,
1461 2721 1516 2758 13.
