1812 3016
284 84 381 131 404
819 82 1182 127 REITEMEIERI

284 197 438 248 copias,
478 207 574 246 quas
594 191 843 231 Theodosius
869 190 1122 243 expeditione
1148 192 1190 228 in
1216 190 1439 241 Eugenium
1468 195 1647 240 suscepta
1676 190 1718 226 in

284 254 436 291 Italiam
459 250 748 301 deportaverat,
778 249 852 286 sibi
871 249 1080 294 remittere,
1111 245 1181 285 sed
1198 248 1283 297 ipse
1303 247 1423 283 etiam
1441 247 1603 283 consilio
1622 245 1719 282 belli

283 311 404 346 misso
429 307 589 344 domum
618 306 772 343 reverti.
830 303 921 341 huic
951 305 1115 354 imperio
1140 303 1347 340 obsecutus
1371 300 1535 338 Stilicho
1559 302 1718 348 milites,

284 378 363 417 quo
380 364 501 401 vellet
516 364 747 412 imperator,
778 360 986 410 ablegavit,
1018 367 1056 396 et
1077 372 1167 395 cum
1185 360 1241 395 eis
1259 358 1377 395 simul
1395 358 1562 394 Gaiuam
1579 356 1721 393 ducem

282 421 403 468 misit,
433 419 648 469 composito
669 430 758 454 cum
776 430 821 453 eo
841 415 970 453 caedis
987 416 1162 462 consilio,
1187 421 1229 451 ut
1249 413 1432 451 Rufinum
1451 427 1471 450 e
1489 411 1620 449 medio
1640 412 1720 449 tol·

281 478 394 515 leret.
454 488 499 511 ea
525 474 656 510 omnia
680 474 795 509 unius
818 473 910 509 anni
933 473 1057 522 spatio
1077 477 1184 521 gesta
1203 476 1294 507 sunt
1313 467 1444 520 (395).
1502 470 1604 505 inter
1622 466 1721 504 haec

283 546 374 569 cum
404 530 622 567 Gothorum
657 527 740 565 dux
761 527 968 565 Alarichus
998 534 1079 563 arte
1107 527 1237 563 Rufini
1263 526 1414 561 excitus
1442 525 1482 560 in
1516 525 1721 560 Graeciam

284 590 369 627 sine
397 588 606 624 certamine
638 582 903 622 descendisset
929 596 1094 634 eamque
1124 583 1232 619 omni
1254 582 1432 618 miseriae
1454 592 1595 630 genere
1615 579 1721 616 affli-

281 646 427 691 xisset,
457 640 621 680 Stilicho
649 655 690 677 re
720 639 851 676 andita
882 636 982 675 aimo
1014 638 1236 689 insequenti
1264 635 1380 686 (396)
1415 649 1503 672 cum
1531 636 1652 685 copiis
1673 647 1719 671 eo

283 705 516 750 approperat
545 698 788 747 expellitque
812 697 955 731 virtute
983 693 1156 742 hostem,
1195 692 1266 730 sed
1282 691 1542 742 imprudentia
1561 704 1632 728 seu
1653 703 1720 727 so-

284 754 416 793 cordia
445 754 639 790 inclusum
669 765 721 788 ex
747 752 936 801 angustiis
967 749 1142 787 dimittit.
1208 761 1231 785 a
1264 761 1354 784 vero
1382 750 1512 798 itaque
1538 748 1720 784 Zosimus

282 811 456 856 aberrat,
493 807 599 861 quod
629 809 759 858 copias
777 820 854 843 non
873 807 934 843 bis
957 805 1120 843 diversis
1140 804 1380 854 temporibus
1399 802 1469 840 sed
1487 803 1611 839 semel
1629 809 1720 838 tan-

280 873 367 904 tum
389 872 521 902 contra
540 863 768 901 Alarichum
788 861 936 909 ductas,
967 869 1005 898 et
1021 874 1099 897 non
1117 860 1275 897 Arcadii
1294 861 1403 896 iussu
1424 858 1514 903 sed,
1543 865 1589 895 ut
1605 857 1720 895 vide·-

280 929 356 971 tur,
377 919 605 959 Stilichonis
626 920 826 955 voluntate
848 919 951 955 ultro
973 919 1153 954 remissas
1172 918 1213 952 in
1233 917 1431 953 Orientem
1450 914 1582 951 tradit.

392 976 445 1014 ib.
506 978 548 1013 in
565 977 645 1012 vita
665 975 831 1011 Maximi
849 974 905 1024 (p.
924 976 976 1014 93
995 972 1058 1009 ed.
1075 969 1326 1021 Commelin.)
1350 972 1571 1020 Ennapius,
1601 968 1719 1006 huius

279 1034 505 1084 irruptionis
526 1032 725 1068 mentione
746 1032 888 1067 iniecta
903 1059 913 1077 ,
950 1027 1163 1066 monachos
1181 1035 1224 1064 ut
1242 1029 1328 1063 viae
1352 1040 1421 1077 per
1437 1027 1568 1063 fauces
1587 1025 1719 1063 Ther·

280 1091 531 1140 mopylarum
558 1088 719 1124 ferentis
741 1092 1019 1123 monstratores
1043 1086 1220 1121 incusare
1241 1082 1415 1120 videtur:
1445 1078 1630 1128 τοιαύτας
1646 1076 1720 1120 αὕ-

279 1148 336 1199 τῷ
359 1143 427 1191 τοὶς
455 1141 581 1190 πύλας
609 1139 786 1190 ἀπέδειξε
813 1144 884 1192 τῆς
912 1137 1096 1188 Ἑλλάδος
1132 1137 1160 1191 ἥ
1191 1154 1232 1179 τε
1268 1141 1348 1178 τῶν
1377 1136 1425 1177 vo}
1452 1135 1554 1188 φαιᾶ
1583 1134 1720 1188 ἱμάτια

279 1197 448 1253 ἐχόντων
479 1195 688 1246 ἀκωλύτως
716 1195 1162 1249 προσπαρεισελθόντων
1190 1191 1348 1246 οἷσὲβεια
1377 1192 1444 1233 καὶ
1475 1192 1496 1234 ὁ
1514 1196 1594 1232 τῶν
1613 1193 1720 1244 ἱερο-

281 1258 486 1308 φαντικῶν
514 1257 677 1305 θεσμῶν
702 1252 966 1305 παραρραγεὶς
993 1248 1116 1302 νόμος
1143 1250 1209 1290 καὶ
1238 1247 1469 1301 σύνδεσμος.
1537 1251 1719 1286 Zosimus

282 1326 329 1350 ea
348 1318 415 1349 aut
433 1325 511 1348 non
529 1312 718 1360 reperisse
739 1310 781 1345 in
801 1310 971 1358 Eunapii
991 1307 1151 1344 historia
1167 1336 1178 1355 ‚
1213 1314 1279 1343 aut
1300 1318 1400 1357 quae
1415 1307 1500 1356 ipse
1519 1304 1568 1342 de
1589 1305 1720 1342 Rufini

279 1367 418 1405 fraude
438 1368 605 1417 scripsit,
635 1367 684 1403 iis
702 1366 853 1402 veriora
868 1363 1062 1401 iudicasse
1083 1370 1122 1400 et
1141 1369 1339 1400 auctorem
1356 1374 1472 1399 suum
1489 1359 1719 1406 emendasse

279 1423 448 1461 videtur.
1335 1410 1341 1416 ’

392 1478 453 1516 ib..
471 1492 509 1515 v.
529 1480 567 1518 8.
624 1483 723 1514 teste
752 1475 910 1513 Socrate
941 1475 992 1526 (7
1025 1475 1100 1524 10)
1129 1473 1381 1510 barbarorum
1418 1473 1519 1509 circa
1541 1473 1720 1509 Peneum

281 1536 446 1573 fiuvium
467 1548 489 1570 a
506 1532 711 1571 Thessalis
731 1532 814 1568 fere
833 1533 905 1567 tria
925 1531 1036 1567 milia
1054 1537 1144 1567 sunt
1164 1542 1288 1565 caesa.
1592 1530 1593 1534 ’

392 1604 432 1641 p.
463 1591 543 1630 253
565 1602 603 1626 v-
633 1592 670 1628 1.
728 1601 836 1624 sacra
861 1587 1046 1623 Graeciae
1075 1586 1221 1621 abolita
1250 1590 1289 1621 et
1319 1584 1520 1621 Eleusinia
1549 1595 1719 1620 cessasse

280 1660 327 1684 ea
345 1644 520 1684 Alarichi
536 1645 804 1694 impressione,
835 1650 969 1679 auctor
983 1643 1066 1692 ipse
1085 1642 1286 1690 Eunapius
1303 1646 1362 1677 est
1379 1640 1439 1691 (in
1455 1641 1536 1676 vita
1552 1639 1720 1675 Maximi

278 1704 309 1740 1.
329 1702 398 1752 c.).
457 1700 696 1738 Claudianus
714 1701 755 1735 in
771 1699 899 1735 Rufin.
919 1701 945 1737 2
971 1700 1041 1737 191
1059 1709 1069 1733 :
1099 1698 1275 1746 nec-sera
1291 1697 1496 1746 Cecropias
1514 1696 1721 1732 traxissent

279 1758 444 1795 vincula
463 1764 623 1801 matres,
654 1768 743 1792 cum
763 1756 1004 1804 Hieronymo
1025 1766 1086 1803 ep.
1106 1755 1130 1793 3
1151 1753 1356 1802 conspirat,
1377 1753 1446 1803 qui
1459 1749 1719 1788 Athenienses

282 1827 373 1851 cum
395 1811 606 1850 Corinthiis
628 1818 667 1848 et
687 1809 1010 1847 Lacedaemoniis
1031 1807 1169 1845 eadem
1187 1820 1390 1858 perpessos
1413 1808 1499 1844 esse
1519 1808 1587 1843 ait.
1617 1818 1719 1857 quae

282 1869 443 1921 quidem
467 1868 689 1905 testimonia
713 1879 803 1903 cum
821 1867 977 1902 Zosimo
991 1893 1001 1912 ,
1042 1866 1111 1916 qui
1137 1865 1289 1901 stetisse
1309 1861 1484 1900 Athenas
1502 1862 1719 1899 incolumes

283 1932 323 1962 et
341 1938 363 1961 a
379 1924 633 1960 barbarorum
653 1923 798 1973 rapinis
817 1923 980 1958 intactas
999 1921 1131 1957 scribit
1143 1949 1154 1967 ,
1193 1921 1248 1956 ita
1269 1917 1321 1955 ad
1339 1931 1573 1956 consensum
1592 1916 1719 1967 redigi

280 1987 465 2031 possunt,
494 1986 539 2016 ut
558 1979 687 2015 Attica
710 1984 865 2014 tantum
879 1978 1008 2027 regio,
1045 1977 1166 2013 salvis
1182 1973 1347 2012 Athenis
1370 1975 1488 2024 ipsis,
1531 1973 1719 2010 hostilem

279 2037 465 2073 iniuriam
493 2036 654 2084 ex‘perta
682 2046 766 2070 esse
788 2032 978 2069 credatur.
1036 2031 1320 2080 Philostorgius
1337 2042 1428 2066 vero
1451 2029 1523 2080 (12
1551 2029 1596 2079 2)
1621 2029 1719 2065 Ala-

281 2090 435 2128 richum
455 2092 618 2127 intrasse
633 2087 808 2126 Athenas
836 2087 968 2125 dicens
993 2086 1044 2124 ad
1062 2087 1211 2124 Zosimi
1237 2086 1354 2122 verba
1382 2086 1436 2121 ita
1458 2083 1718 2136 explicandus

281 2149 378 2194 erit,
407 2153 451 2183 ut
471 2144 643 2182 hostium
666 2143 749 2181 dux
766 2157 847 2180 non
867 2157 959 2181 cum
974 2145 1095 2194 copiis
1107 2172 1117 2190 ,
1149 2149 1188 2179 et
1202 2140 1360 2179 foedere
1381 2147 1471 2178 ante
1489 2141 1716 2192 composito,

279 2203 419 2240 urbem
434 2204 632 2252 ingressus
649 2201 715 2237 sit.
770 2200 821 2236 cf.
842 2213 940 2236 mox
959 2213 993 2236 c.
1013 2202 1039 2240 6
1062 2212 1102 2235 v.
1127 2199 1174 2238 11
1195 2210 1306 2249 seqq.

394 2257 448 2294 ib.
470 2271 507 2294 v,
529 2260 567 2298 6.
625 2269 716 2293 cum
736 2254 946 2292 Christiani
965 2257 1040 2292 isto
1064 2267 1160 2291 aevo
1180 2252 1281 2290 nihil
1300 2252 1382 2289 fere
1395 2280 1405 2299 ,
1436 2250 1543 2303 quod
1562 2264 1717 2288 memo-

282 2314 405 2352 rabile
423 2320 537 2361 esset,
565 2314 650 2350 sine
663 2312 851 2348 miraculo
869 2312 1016 2347 factum
1030 2312 1232 2356 iactarent,
1261 2307 1509 2345 tolerandum
1525 2313 1718 2347 saneserat

280 2372 323 2407 in
347 2369 581 2420 gentilibus,
620 2369 654 2405 si
671 2373 711 2404 et
728 2368 789 2403 illi
805 2379 876 2404 sua
894 2366 1090 2403 miracula
1107 2364 1365 2402 venditarent.
1420 2363 1606 2400 Athenen
1625 2364 1716 2414 qui-

281 2425 375 2463 dem
399 2425 539 2463 urbem
562 2424 700 2461 tuitam
721 2435 806 2459 esse
830 2435 946 2458 nemo
964 2423 1146 2468 miretur,
1187 2419 1258 2458 sed
1277 2418 1373 2470 quid
1390 2419 1574 2455 Achilles
1591 2416 1717 2455 Athe-

280 2483 479 2518 niensium
509 2480 625 2518 rebus
653 2492 696 2516 se
725 2478 1003 2524 immiscuerit,
1041 2490 1121 2513 non
1141 2478 1274 2513 statim
1292 2477 1334 2511 iu
1361 2481 1494 2525 aperto
1521 2481 1600 2522 est,
1638 2475 1716 2510 nisi

280 2538 506 2574 meminerIs
527 2549 572 2572 ea
591 2548 692 2587 quae
710 2533 736 2574 4
767 2535 818 2573 18
839 2532 887 2569 de
899 2534 1076 2570 Nestorio
1093 2530 1351 2582 hierophanta
1367 2535 1582 2566 memorata
1600 2536 1714 2577 sunt3

278 2591 489 2630 induxerat
506 2592 574 2629 ille
594 2603 730 2630 somno
748 2590 919 2627 monitus
941 2586 1060 2626 huius
1077 2587 1206 2626 herois
1223 2588 1468 2636 religionem.
1510 2585 1570 2621 Η.

390 2661 429 2698 p.
450 2647 530 2689 254
551 2661 589 2684 v.
611 2650 650 2688 7.
706 2644 735 2697 ἦ
753 2640 918 2695 Σπάρτη
946 2640 1195 2696 συναπήγετο
1219 2645 1270 2698 τῇ
1297 2644 1417 2696 κοινῇ
1438 2643 1509 2692 τῆς
1531 2636 1717 2686 Ἑλλάδος

276 2700 419 2743 ἁλώσει
436 2710 565 2754 potest
583 2701 707 2740 videri
722 2707 859 2753 argute
878 2699 1027 2737 dictum
1047 2712 1132 2737 esse
1151 2700 1263 2752 quasi
1281 2705 1363 2735 tota
1387 2698 1576 2743 Graecia,
1597 2702 1716 2746 capta
