<?xml version="1.0" encoding="UTF-8"?>
<!DOCTYPE html PUBLIC "-//W3C//DTD XHTML 1.0 Transitional//EN"
    "http://www.w3.org/TR/xhtml1/DTD/xhtml1-transitional.dtd">
<html xmlns="http://www.w3.org/1999/xhtml" xml:lang="en" lang="en">
 <head>
  <title>
</title>
<meta http-equiv="Content-Type" content="text/html;charset=utf-8" />
  <meta name='ocr-system' content='tesseract 3.04.00' />
  <meta name='ocr-capabilities' content='ocr_page ocr_carea ocr_par ocr_line ocrx_word'/>
</head>
<body>
  <div class='ocr_page' id='page_1' title='image "./corpusscriptorum50niebuoft_0381.png"; bbox 0 0 1812 3016; ppageno 0'>
   <div class='ocr_carea' id='block_1_1' title="bbox 375 86 1516 137">
    <p class='ocr_par' dir='ltr' id='par_1_1' title="bbox 375 86 1516 137">
     <span class='ocr_line' id='line_1_1' title="bbox 375 86 1516 137; baseline 0 -2"><span class='ocrx_word' id='word_1_1' title='bbox 375 89 817 137; x_wconf 78' lang='lat' dir='ltr'>COMMENTARIUS</span> <span class='ocrx_word' id='word_1_2' title='bbox 850 86 1202 134; x_wconf 70' lang='lat' dir='ltr'>msromcUS.</span> <span class='ocrx_word' id='word_1_3' title='bbox 1419 87 1516 135; x_wconf 81' lang='lat'>335</span> 
     </span>
    </p>
   </div>
   <div class='ocr_carea' id='block_1_2' title="bbox 55 195 1520 2720">
    <p class='ocr_par' dir='ltr' id='par_1_2' title="bbox 67 195 1520 646">
     <span class='ocr_line' id='line_1_2' title="bbox 183 195 1517 253; baseline -0.001 -14"><span class='ocrx_word' id='word_1_4' title='bbox 183 213 227 253; x_wconf 82' lang='lat' dir='ltr'>p.</span> <span class='ocrx_word' id='word_1_5' title='bbox 239 201 296 243; x_wconf 84' lang='lat'>20</span> <span class='ocrx_word' id='word_1_6' title='bbox 314 211 355 239; x_wconf 76' lang='lat' dir='ltr'>v.</span> <span class='ocrx_word' id='word_1_7' title='bbox 380 198 447 242; x_wconf 80' lang='lat'>14.</span> <span class='ocrx_word' id='word_1_8' title='bbox 475 206 633 239; x_wconf 83' lang='lat' dir='ltr'>auctore</span> <span class='ocrx_word' id='word_1_9' title='bbox 645 200 867 252; x_wconf 83' lang='lat' dir='ltr'>Capitolino</span> <span class='ocrx_word' id='word_1_10' title='bbox 883 198 984 253; x_wconf 79' lang='lat' dir='ltr'>(vita</span> <span class='ocrx_word' id='word_1_11' title='bbox 1001 196 1124 238; x_wconf 84' lang='lat' dir='ltr'>Gord.</span> <span class='ocrx_word' id='word_1_12' title='bbox 1142 212 1177 238; x_wconf 84' lang='lat' dir='ltr'>c.</span> <span class='ocrx_word' id='word_1_13' title='bbox 1193 200 1267 247; x_wconf 77' lang='grc'>28)</span> <span class='ocrx_word' id='word_1_14' title='bbox 1279 195 1517 238; x_wconf 69' lang='lat' dir='ltr'>Sabinianus</span> 
     </span>
     <span class='ocr_line' id='line_1_3' title="bbox 75 254 1517 310; baseline -0.002 -15"><span class='ocrx_word' id='word_1_15' title='bbox 75 257 188 310; x_wconf 84' lang='lat' dir='ltr'>(nam</span> <span class='ocrx_word' id='word_1_16' title='bbox 209 257 266 295; x_wconf 82' lang='lat' dir='ltr'>ita</span> <span class='ocrx_word' id='word_1_17' title='bbox 286 256 431 294; x_wconf 77' lang='lat' dir='ltr'>rectius</span> <span class='ocrx_word' id='word_1_18' title='bbox 457 257 506 294; x_wconf 85' lang='lat' dir='ltr'>ab</span> <span class='ocrx_word' id='word_1_19' title='bbox 530 270 578 295; x_wconf 90' lang='lat' dir='ltr'>eo</span> <span class='ocrx_word' id='word_1_20' title='bbox 596 254 783 308; x_wconf 78' lang='lat' dir='ltr'>vocatur)</span> <span class='ocrx_word' id='word_1_21' title='bbox 807 270 882 308; x_wconf 72' lang='lat' dir='ltr'>po·</span> <span class='ocrx_word' id='word_1_22' title='bbox 901 255 1127 307; x_wconf 75' lang='lat' dir='ltr'>praesidem</span> <span class='ocrx_word' id='word_1_23' title='bbox 1147 256 1423 293; x_wconf 73' lang='lat' dir='ltr'><em>Mauritaniae</em></span> <span class='ocrx_word' id='word_1_24' title='bbox 1442 269 1517 307; x_wconf 77' lang='lat' dir='ltr'>op—</span> 
     </span>
     <span class='ocr_line' id='line_1_4' title="bbox 67 311 1517 365; baseline -0.001 -15"><span class='ocrx_word' id='word_1_25' title='bbox 67 326 231 365; x_wconf 66' lang='lat' dir='ltr'>pressae</span> <span class='ocrx_word' id='word_1_26' title='bbox 245 319 318 359; x_wconf 73' lang='lat' dir='ltr'>est,</span> <span class='ocrx_word' id='word_1_27' title='bbox 346 311 419 351; x_wconf 90' lang='lat' dir='ltr'>sed</span> <span class='ocrx_word' id='word_1_28' title='bbox 434 311 604 351; x_wconf 78' lang='lat' dir='ltr'>addente</span> <span class='ocrx_word' id='word_1_29' title='bbox 622 312 764 352; x_wconf 87' lang='lat' dir='ltr'>eodem</span> <span class='ocrx_word' id='word_1_30' title='bbox 779 312 1014 365; x_wconf 86' lang='lat' dir='ltr'>Capitolino,</span> <span class='ocrx_word' id='word_1_31' title='bbox 1040 314 1100 350; x_wconf 78' lang='lat' dir='ltr'>ita</span> <span class='ocrx_word' id='word_1_32' title='bbox 1117 318 1163 349; x_wconf 79' lang='lat' dir='ltr'>ut</span> <span class='ocrx_word' id='word_1_33' title='bbox 1176 311 1235 349; x_wconf 82' lang='lat' dir='ltr'>ad</span> <span class='ocrx_word' id='word_1_34' title='bbox 1247 324 1338 349; x_wconf 79' lang='lat' dir='ltr'>eum</span> <span class='ocrx_word' id='word_1_35' title='bbox 1354 311 1517 350; x_wconf 63' lang='lat' dir='ltr'>truden-</span> 
     </span>
     <span class='ocr_line' id='line_1_5' title="bbox 72 368 1518 420; baseline -0.001 -13"><span class='ocrx_word' id='word_1_36' title='bbox 72 369 171 407; x_wconf 78' lang='lat' dir='ltr'>dum</span> <span class='ocrx_word' id='word_1_37' title='bbox 184 368 466 420; x_wconf 63' lang='lat' dir='ltr'>art-draginta</span> <span class='ocrx_word' id='word_1_38' title='bbox 482 382 616 407; x_wconf 78' lang='lat' dir='ltr'>onmes</span> <span class='ocrx_word' id='word_1_39' title='bbox 632 370 827 416; x_wconf 68' lang='lat' dir='ltr'>venirent,</span> <span class='ocrx_word' id='word_1_40' title='bbox 844 376 882 407; x_wconf 75' lang='lat' dir='ltr'>et</span> <span class='ocrx_word' id='word_1_41' title='bbox 896 370 1043 406; x_wconf 71' lang='lat' dir='ltr'>crimen</span> <span class='ocrx_word' id='word_1_42' title='bbox 1061 368 1286 416; x_wconf 74' lang='lat' dir='ltr'>confitenter</span> <span class='ocrx_word' id='word_1_43' title='bbox 1305 375 1342 405; x_wconf 79' lang='lat' dir='ltr'>et</span> <span class='ocrx_word' id='word_1_44' title='bbox 1357 370 1518 406; x_wconf 73' lang='lat' dir='ltr'>vmiam</span> 
     </span>
     <span class='ocr_line' id='line_1_6' title="bbox 71 422 1520 478; baseline 0 -16"><span class='ocrx_word' id='word_1_45' title='bbox 71 424 281 463; x_wconf 70' lang='lat' dir='ltr'>neela-ibus</span> <span class='ocrx_word' id='word_1_46' title='bbox 297 425 556 475; x_wconf 68' lang='lat' dir='ltr'>postulantes.</span> <span class='ocrx_word' id='word_1_47' title='bbox 617 425 805 478; x_wconf 88' lang='lat' dir='ltr'>quoniam</span> <span class='ocrx_word' id='word_1_48' title='bbox 830 426 910 477; x_wconf 85' lang='lat' dir='ltr'>ipsi</span> <span class='ocrx_word' id='word_1_49' title='bbox 932 422 1274 475; x_wconf 73' lang='lat' dir='ltr'>Carthaginienses</span> <span class='ocrx_word' id='word_1_50' title='bbox 1301 425 1462 462; x_wconf 85' lang='lat' dir='ltr'>fuerunt</span> <span class='ocrx_word' id='word_1_51' title='bbox 1485 424 1520 462; x_wconf 84' lang='lat' dir='ltr'>ii</span> 
     </span>
     <span class='ocr_line' id='line_1_7' title="bbox 71 481 1517 534; baseline 0 -15"><span class='ocrx_word' id='word_1_52' title='bbox 71 483 144 534; x_wconf 80' lang='lat' dir='ltr'>qni</span> <span class='ocrx_word' id='word_1_53' title='bbox 161 481 411 530; x_wconf 78' lang='lat' dir='ltr'>rebellarant,</span> <span class='ocrx_word' id='word_1_54' title='bbox 437 494 518 520; x_wconf 88' lang='lat' dir='ltr'>non</span> <span class='ocrx_word' id='word_1_55' title='bbox 538 487 642 520; x_wconf 86' lang='lat' dir='ltr'>recte</span> <span class='ocrx_word' id='word_1_56' title='bbox 662 482 842 530; x_wconf 85' lang='lat' dir='ltr'>rebelles,</span> <span class='ocrx_word' id='word_1_57' title='bbox 871 482 1102 520; x_wconf 81' lang='lat' dir='ltr'>observante</span> <span class='ocrx_word' id='word_1_58' title='bbox 1118 481 1391 529; x_wconf 86' lang='lat' dir='ltr'>Tillemontio,</span> <span class='ocrx_word' id='word_1_59' title='bbox 1415 481 1517 519; x_wconf 81' lang='lat' dir='ltr'>Car-</span> 
     </span>
     <span class='ocr_line' id='line_1_8' title="bbox 72 536 1518 588; baseline 0.001 -14"><span class='ocrx_word' id='word_1_60' title='bbox 72 537 276 588; x_wconf 72' lang='lat' dir='ltr'>thaginem</span> <span class='ocrx_word' id='word_1_61' title='bbox 289 539 439 575; x_wconf 67' lang='lat' dir='ltr'>veniae</span> <span class='ocrx_word' id='word_1_62' title='bbox 455 536 618 578; x_wconf 82' lang='lat' dir='ltr'>dixeris.</span> <span class='ocrx_word' id='word_1_63' title='bbox 674 538 836 576; x_wconf 88' lang='lat' dir='ltr'>tolletur</span> <span class='ocrx_word' id='word_1_64' title='bbox 856 550 950 576; x_wconf 79' lang='lat' dir='ltr'>vero</span> <span class='ocrx_word' id='word_1_65' title='bbox 970 538 1046 576; x_wconf 85' lang='lat' dir='ltr'>iste</span> <span class='ocrx_word' id='word_1_66' title='bbox 1062 538 1167 575; x_wconf 90' lang='lat' dir='ltr'>inter</span> <span class='ocrx_word' id='word_1_67' title='bbox 1186 537 1453 588; x_wconf 87' lang='lat' dir='ltr'>Capitolinum</span> <span class='ocrx_word' id='word_1_68' title='bbox 1476 542 1518 575; x_wconf 85' lang='lat' dir='ltr'>et</span> 
     </span>
     <span class='ocr_line' id='line_1_9' title="bbox 70 592 1516 646; baseline 0 -15"><span class='ocrx_word' id='word_1_69' title='bbox 70 595 277 632; x_wconf 83' lang='lat' dir='ltr'>Zosimum</span> <span class='ocrx_word' id='word_1_70' title='bbox 300 592 527 644; x_wconf 85' lang='lat' dir='ltr'>dissensus,</span> <span class='ocrx_word' id='word_1_71' title='bbox 562 592 683 633; x_wconf 88' lang='lat' dir='ltr'>modo</span> <span class='ocrx_word' id='word_1_72' title='bbox 707 607 779 646; x_wconf 87' lang='lat' dir='ltr'>pro</span> <span class='ocrx_word' id='word_1_73' title='bbox 805 594 1088 646; x_wconf 66' lang='lat' dir='ltr'>(hrthaginem</span> <span class='ocrx_word' id='word_1_74' title='bbox 1115 593 1350 632; x_wconf 68' lang='lat' dir='ltr'>rescribatur</span> <span class='ocrx_word' id='word_1_75' title='bbox 1379 594 1421 631; x_wconf 87' lang='lat' dir='ltr'>in</span> <span class='ocrx_word' id='word_1_76' title='bbox 1443 594 1516 631; x_wconf 89' lang='lat' dir='ltr'>illo</span> 
     </span>
    </p>

    <p class='ocr_par' dir='ltr' id='par_1_3' title="bbox 69 648 1514 813">
     <span class='ocr_line' id='line_1_10' title="bbox 179 648 1514 758; baseline 0.002 -14"><span class='ocrx_word' id='word_1_77' title='bbox 179 648 436 748; x_wconf 41' lang='lat' dir='ltr'>W&amp;</span> <span class='ocrx_word' id='word_1_78' title='bbox 445 704 737 758; x_wconf 72' lang='grc' dir='ltr'>Τιμησικλὲους.</span> <span class='ocrx_word' id='word_1_79' title='bbox 792 706 868 744; x_wconf 82' lang='grc'>1111.</span> <span class='ocrx_word' id='word_1_80' title='bbox 889 703 1134 757; x_wconf 85' lang='lat' dir='ltr'>Capitolinus</span> <span class='ocrx_word' id='word_1_81' title='bbox 1156 702 1408 758; x_wconf 79' lang='lat' dir='ltr'>(Gordian-c</span> <span class='ocrx_word' id='word_1_82' title='bbox 1410 702 1514 755; x_wconf 81' lang='lat'><strong>.23)</strong></span> 
     </span>
     <span class='ocr_line' id='line_1_11' title="bbox 69 761 1136 813; baseline -0.001 -13"><span class='ocrx_word' id='word_1_83' title='bbox 69 761 303 800; x_wconf 71' lang='lat' dir='ltr'>M&#39;us&#39;tbeum</span> <span class='ocrx_word' id='word_1_84' title='bbox 321 774 414 800; x_wconf 88' lang='lat' dir='ltr'>eum</span> <span class='ocrx_word' id='word_1_85' title='bbox 430 770 556 810; x_wconf 74' lang='lat' dir='ltr'>vocat,</span> <span class='ocrx_word' id='word_1_86' title='bbox 585 762 715 800; x_wconf 77' lang='lat' dir='ltr'>virum</span> <span class='ocrx_word' id='word_1_87' title='bbox 733 761 910 799; x_wconf 85' lang='lat' dir='ltr'>doctrina</span> <span class='ocrx_word' id='word_1_88' title='bbox 926 762 1136 813; x_wconf 76' lang='lat' dir='ltr'>insignem.</span> 
     </span>
    </p>

    <p class='ocr_par' dir='ltr' id='par_1_4' title="bbox 68 813 1514 925">
     <span class='ocr_line' id='line_1_12' title="bbox 178 813 1514 871; baseline 0 -15"><span class='ocrx_word' id='word_1_89' title='bbox 178 830 221 870; x_wconf 85' lang='lat' dir='ltr'>p.</span> <span class='ocrx_word' id='word_1_90' title='bbox 238 820 292 859; x_wconf 81' lang='lat'>21</span> <span class='ocrx_word' id='word_1_91' title='bbox 314 831 355 857; x_wconf 78' lang='lat' dir='ltr'>v.</span> <span class='ocrx_word' id='word_1_92' title='bbox 378 818 419 861; x_wconf 82' lang='lat'>6.</span> <span class='ocrx_word' id='word_1_93' title='bbox 474 813 697 869; x_wconf 75' lang='grc' dir='ltr'><strong><em>Ἀντιόχου,</em></strong></span> <span class='ocrx_word' id='word_1_94' title='bbox 726 819 796 871; x_wconf 89' lang='lat' dir='ltr'>qui</span> <span class='ocrx_word' id='word_1_95' title='bbox 816 820 935 856; x_wconf 88' lang='lat' dir='ltr'>etiam</span> <span class='ocrx_word' id='word_1_96' title='bbox 953 819 1143 857; x_wconf 81' lang='lat' dir='ltr'>Seleucus</span> <span class='ocrx_word' id='word_1_97' title='bbox 1161 818 1373 857; x_wconf 82' lang='lat' dir='ltr'>Callinicus</span> <span class='ocrx_word' id='word_1_98' title='bbox 1393 829 1514 856; x_wconf 77' lang='lat' dir='ltr'>voca-</span> 
     </span>
     <span class='ocr_line' id='line_1_13' title="bbox 68 872 1139 925; baseline 0 -13"><span class='ocrx_word' id='word_1_99' title='bbox 68 878 146 912; x_wconf 85' lang='lat' dir='ltr'>tur.</span> <span class='ocrx_word' id='word_1_100' title='bbox 201 872 305 912; x_wconf 84' lang='lat' dir='ltr'>adde</span> <span class='ocrx_word' id='word_1_101' title='bbox 318 876 514 925; x_wconf 84' lang='lat' dir='ltr'>Bernegg.</span> <span class='ocrx_word' id='word_1_102' title='bbox 532 875 576 912; x_wconf 85' lang='lat' dir='ltr'>in</span> <span class='ocrx_word' id='word_1_103' title='bbox 593 876 731 912; x_wconf 83' lang='lat' dir='ltr'>lustin.</span> <span class='ocrx_word' id='word_1_104' title='bbox 751 875 806 915; x_wconf 77' lang='lat'>41</span> <span class='ocrx_word' id='word_1_105' title='bbox 834 874 863 916; x_wconf 75' lang='lat'>4</span> <span class='ocrx_word' id='word_1_106' title='bbox 890 877 931 915; x_wconf 81' lang='lat'>3.</span> <span class='ocrx_word' id='word_1_107' title='bbox 994 874 1139 913; x_wconf 85' lang='lat' dir='ltr'>Cellar.</span> 
     </span>
    </p>

    <p class='ocr_par' dir='ltr' id='par_1_5' title="bbox 61 926 1513 1364">
     <span class='ocr_line' id='line_1_14' title="bbox 176 926 1512 982; baseline -0.001 -14"><span class='ocrx_word' id='word_1_108' title='bbox 176 929 233 968; x_wconf 77' lang='lat' dir='ltr'>ih.</span> <span class='ocrx_word' id='word_1_109' title='bbox 293 929 343 968; x_wconf 91' lang='lat' dir='ltr'>de</span> <span class='ocrx_word' id='word_1_110' title='bbox 361 931 547 968; x_wconf 82' lang='lat' dir='ltr'>Parthici</span> <span class='ocrx_word' id='word_1_111' title='bbox 570 932 686 982; x_wconf 75' lang='lat' dir='ltr'>reg-ni</span> <span class='ocrx_word' id='word_1_112' title='bbox 710 932 833 968; x_wconf 72' lang='lat' dir='ltr'>initiis</span> <span class='ocrx_word' id='word_1_113' title='bbox 858 930 1044 969; x_wconf 88' lang='lat' dir='ltr'>meliores</span> <span class='ocrx_word' id='word_1_114' title='bbox 1070 937 1247 969; x_wconf 82' lang='lat' dir='ltr'>auctores</span> <span class='ocrx_word' id='word_1_115' title='bbox 1275 926 1512 980; x_wconf 86' lang='lat' dir='ltr'>inspiciendi</span> 
     </span>
     <span class='ocr_line' id='line_1_15' title="bbox 67 985 1511 1038; baseline -0.001 -15"><span class='ocrx_word' id='word_1_116' title='bbox 67 992 192 1023; x_wconf 86' lang='lat' dir='ltr'>erant.</span> <span class='ocrx_word' id='word_1_117' title='bbox 245 999 455 1038; x_wconf 82' lang='lat' dir='ltr'>perperam</span> <span class='ocrx_word' id='word_1_118' title='bbox 483 999 506 1025; x_wconf 88' lang='lat' dir='ltr'>e</span> <span class='ocrx_word' id='word_1_119' title='bbox 539 987 709 1026; x_wconf 86' lang='lat' dir='ltr'>Cellario</span> <span class='ocrx_word' id='word_1_120' title='bbox 733 985 784 1024; x_wconf 87' lang='lat' dir='ltr'>ad</span> <span class='ocrx_word' id='word_1_121' title='bbox 809 987 987 1038; x_wconf 83' lang='lat' dir='ltr'>Syncelli</span> <span class='ocrx_word' id='word_1_122' title='bbox 1014 985 1136 1024; x_wconf 87' lang='lat' dir='ltr'>fidem</span> <span class='ocrx_word' id='word_1_123' title='bbox 1163 985 1405 1036; x_wconf 83' lang='lat' dir='ltr'>adscriptum</span> <span class='ocrx_word' id='word_1_124' title='bbox 1437 992 1511 1032; x_wconf 82' lang='lat' dir='ltr'>est,</span> 
     </span>
     <span class='ocr_line' id='line_1_16' title="bbox 66 1040 1513 1094; baseline 0 -15"><span class='ocrx_word' id='word_1_125' title='bbox 66 1040 307 1080; x_wconf 80' lang='lat' dir='ltr'>Antiochum</span> <span class='ocrx_word' id='word_1_126' title='bbox 323 1050 363 1080; x_wconf 88' lang='lat' dir='ltr'>et</span> <span class='ocrx_word' id='word_1_127' title='bbox 372 1043 584 1081; x_wconf 86' lang='lat' dir='ltr'>Seleucum</span> <span class='ocrx_word' id='word_1_128' title='bbox 594 1044 829 1081; x_wconf 87' lang='lat' dir='ltr'>Callinicum</span> <span class='ocrx_word' id='word_1_129' title='bbox 844 1056 930 1082; x_wconf 82' lang='lat' dir='ltr'>esse</span> <span class='ocrx_word' id='word_1_130' title='bbox 946 1056 1071 1081; x_wconf 86' lang='lat' dir='ltr'>unum</span> <span class='ocrx_word' id='word_1_131' title='bbox 1091 1041 1354 1094; x_wconf 88' lang='lat' dir='ltr'>eundemque.</span> <span class='ocrx_word' id='word_1_132' title='bbox 1382 1042 1513 1079; x_wconf 86' lang='lat' dir='ltr'>ultum</span> 
     </span>
     <span class='ocr_line' id='line_1_17' title="bbox 66 1096 1511 1151; baseline 0 -16"><span class='ocrx_word' id='word_1_133' title='bbox 66 1099 139 1135; x_wconf 81' lang='lat' dir='ltr'>ivit</span> <span class='ocrx_word' id='word_1_134' title='bbox 163 1099 350 1136; x_wconf 88' lang='lat' dir='ltr'>iniuriam</span> <span class='ocrx_word' id='word_1_135' title='bbox 376 1099 489 1137; x_wconf 83' lang='lat' dir='ltr'>fratri</span> <span class='ocrx_word' id='word_1_136' title='bbox 514 1100 667 1137; x_wconf 85' lang='lat' dir='ltr'>illatam</span> <span class='ocrx_word' id='word_1_137' title='bbox 690 1102 857 1137; x_wconf 83' lang='lat' dir='ltr'>Arsaces</span> <span class='ocrx_word' id='word_1_138' title='bbox 885 1100 957 1137; x_wconf 89' lang='lat' dir='ltr'>sub</span> <span class='ocrx_word' id='word_1_139' title='bbox 986 1097 1182 1138; x_wconf 84' lang='lat' dir='ltr'>Antiocho</span> <span class='ocrx_word' id='word_1_140' title='bbox 1198 1101 1247 1146; x_wconf 81' lang='lat'>2,</span> <span class='ocrx_word' id='word_1_141' title='bbox 1286 1099 1357 1151; x_wconf 90' lang='lat' dir='ltr'>qui</span> <span class='ocrx_word' id='word_1_142' title='bbox 1373 1096 1511 1136; x_wconf 88' lang='lat' dir='ltr'>Theos</span> 
     </span>
     <span class='ocr_line' id='line_1_18' title="bbox 66 1153 1512 1205; baseline 0 -14"><span class='ocrx_word' id='word_1_143' title='bbox 66 1153 214 1203; x_wconf 85' lang='lat' dir='ltr'>dictus,</span> <span class='ocrx_word' id='word_1_144' title='bbox 254 1161 293 1192; x_wconf 92' lang='lat' dir='ltr'>et</span> <span class='ocrx_word' id='word_1_145' title='bbox 320 1156 431 1205; x_wconf 86' lang='lat' dir='ltr'>regni</span> <span class='ocrx_word' id='word_1_146' title='bbox 459 1154 715 1193; x_wconf 82' lang='lat' dir='ltr'>fundamenta</span> <span class='ocrx_word' id='word_1_147' title='bbox 740 1157 833 1193; x_wconf 89' lang='lat' dir='ltr'>iecit</span> <span class='ocrx_word' id='word_1_148' title='bbox 858 1156 929 1193; x_wconf 90' lang='lat' dir='ltr'>sub</span> <span class='ocrx_word' id='word_1_149' title='bbox 950 1168 987 1193; x_wconf 83' lang='lat' dir='ltr'>a.</span> <span class='ocrx_word' id='word_1_150' title='bbox 1007 1155 1089 1197; x_wconf 76' lang='lat'>248</span> <span class='ocrx_word' id='word_1_151' title='bbox 1110 1162 1201 1192; x_wconf 86' lang='lat' dir='ltr'>ante</span> <span class='ocrx_word' id='word_1_152' title='bbox 1221 1156 1265 1192; x_wconf 89' lang='lat' dir='ltr'>C.</span> <span class='ocrx_word' id='word_1_153' title='bbox 1283 1168 1339 1203; x_wconf 89' lang='lat' dir='ltr'>n.,</span> <span class='ocrx_word' id='word_1_154' title='bbox 1367 1155 1512 1192; x_wconf 82' lang='lat' dir='ltr'>frustra</span> 
     </span>
     <span class='ocr_line' id='line_1_19' title="bbox 64 1208 1513 1263; baseline 0 -16"><span class='ocrx_word' id='word_1_155' title='bbox 64 1208 254 1261; x_wconf 81' lang='lat' dir='ltr'>posthaec</span> <span class='ocrx_word' id='word_1_156' title='bbox 274 1210 406 1263; x_wconf 73' lang='lat' dir='ltr'>(amnis</span> <span class='ocrx_word' id='word_1_157' title='bbox 424 1212 506 1252; x_wconf 82' lang='lat'>238</span> <span class='ocrx_word' id='word_1_158' title='bbox 534 1211 634 1262; x_wconf 77' lang='lat'>236)</span> <span class='ocrx_word' id='word_1_159' title='bbox 658 1213 777 1250; x_wconf 85' lang='lat' dir='ltr'>armis</span> <span class='ocrx_word' id='word_1_160' title='bbox 793 1218 964 1250; x_wconf 83' lang='lat' dir='ltr'>tentatus</span> <span class='ocrx_word' id='word_1_161' title='bbox 982 1225 1004 1249; x_wconf 85' lang='lat' dir='ltr'>a</span> <span class='ocrx_word' id='word_1_162' title='bbox 1023 1212 1191 1250; x_wconf 86' lang='lat' dir='ltr'>Seleuco</span> <span class='ocrx_word' id='word_1_163' title='bbox 1208 1211 1412 1259; x_wconf 83' lang='lat' dir='ltr'>Callinico,</span> <span class='ocrx_word' id='word_1_164' title='bbox 1442 1211 1513 1262; x_wconf 87' lang='lat' dir='ltr'>qui</span> 
     </span>
     <span class='ocr_line' id='line_1_20' title="bbox 63 1265 1513 1320; baseline 0.003 -17"><span class='ocrx_word' id='word_1_165' title='bbox 63 1265 260 1304; x_wconf 81' lang='lat' dir='ltr'>Antiocho</span> <span class='ocrx_word' id='word_1_166' title='bbox 279 1273 533 1306; x_wconf 86' lang='lat' dir='ltr'>successerat.</span> <span class='ocrx_word' id='word_1_167' title='bbox 587 1269 730 1320; x_wconf 76' lang='lat' dir='ltr'>inspici</span> <span class='ocrx_word' id='word_1_168' title='bbox 747 1275 877 1320; x_wconf 86' lang='lat' dir='ltr'>potest</span> <span class='ocrx_word' id='word_1_169' title='bbox 894 1269 959 1307; x_wconf 79' lang='lat' dir='ltr'>vel</span> <span class='ocrx_word' id='word_1_170' title='bbox 982 1281 1082 1319; x_wconf 87' lang='lat' dir='ltr'>opus</span> <span class='ocrx_word' id='word_1_171' title='bbox 1101 1266 1365 1306; x_wconf 87' lang='lat' dir='ltr'>Guthrianum</span> <span class='ocrx_word' id='word_1_172' title='bbox 1384 1267 1466 1305; x_wconf 79' lang='lat' dir='ltr'>vol.</span> <span class='ocrx_word' id='word_1_173' title='bbox 1484 1268 1513 1307; x_wconf 82' lang='lat'><strong>2</strong></span> 
     </span>
     <span class='ocr_line' id='line_1_21' title="bbox 61 1323 930 1364; baseline 0.002 -4"><span class='ocrx_word' id='word_1_174' title='bbox 61 1328 102 1360; x_wconf 83' lang='lat' dir='ltr'>et</span> <span class='ocrx_word' id='word_1_175' title='bbox 119 1324 161 1364; x_wconf 80' lang='grc'>3.</span> <span class='ocrx_word' id='word_1_176' title='bbox 215 1323 278 1360; x_wconf 89' lang='grc' dir='ltr'>Η.</span> <span class='ocrx_word' id='word_1_177' title='bbox 926 1360 930 1362; x_wconf 81' lang='grc'><strong>.</strong></span> 
     </span>
    </p>

    <p class='ocr_par' dir='ltr' id='par_1_6' title="bbox 62 1377 1512 1488">
     <span class='ocr_line' id='line_1_22' title="bbox 174 1377 1512 1432; baseline 0.001 -17"><span class='ocrx_word' id='word_1_178' title='bbox 174 1377 231 1416; x_wconf 77' lang='lat' dir='ltr'>ih.</span> <span class='ocrx_word' id='word_1_179' title='bbox 251 1390 290 1416; x_wconf 79' lang='lat' dir='ltr'>v.</span> <span class='ocrx_word' id='word_1_180' title='bbox 313 1379 378 1420; x_wconf 83' lang='lat'>12.</span> <span class='ocrx_word' id='word_1_181' title='bbox 407 1377 547 1417; x_wconf 80' lang='lat' dir='ltr'>fraude</span> <span class='ocrx_word' id='word_1_182' title='bbox 562 1377 739 1432; x_wconf 84' lang='lat' dir='ltr'>Philippi</span> <span class='ocrx_word' id='word_1_183' title='bbox 748 1379 1006 1419; x_wconf 87' lang='lat' dir='ltr'>Timesiclem</span> <span class='ocrx_word' id='word_1_184' title='bbox 1018 1379 1329 1418; x_wconf 76' lang='lat' dir='ltr'>circumventum</span> <span class='ocrx_word' id='word_1_185' title='bbox 1346 1379 1512 1431; x_wconf 83' lang='lat' dir='ltr'>periisse</span> 
     </span>
     <span class='ocr_line' id='line_1_23' title="bbox 62 1433 1324 1488; baseline 0.001 -16"><span class='ocrx_word' id='word_1_186' title='bbox 62 1433 271 1487; x_wconf 80' lang='lat' dir='ltr'>plerosque</span> <span class='ocrx_word' id='word_1_187' title='bbox 289 1433 443 1473; x_wconf 84' lang='lat' dir='ltr'>tradere</span> <span class='ocrx_word' id='word_1_188' title='bbox 462 1443 598 1474; x_wconf 84' lang='lat' dir='ltr'>auctor</span> <span class='ocrx_word' id='word_1_189' title='bbox 615 1444 674 1475; x_wconf 89' lang='lat' dir='ltr'>est</span> <span class='ocrx_word' id='word_1_190' title='bbox 691 1438 768 1475; x_wconf 87' lang='lat' dir='ltr'>Iul.</span> <span class='ocrx_word' id='word_1_191' title='bbox 791 1437 1035 1488; x_wconf 86' lang='lat' dir='ltr'>Capitolinus</span> <span class='ocrx_word' id='word_1_192' title='bbox 1057 1435 1178 1475; x_wconf 89' lang='lat' dir='ltr'>Gord.</span> <span class='ocrx_word' id='word_1_193' title='bbox 1198 1449 1232 1473; x_wconf 90' lang='lat' dir='ltr'>c.</span> <span class='ocrx_word' id='word_1_194' title='bbox 1255 1438 1324 1478; x_wconf 78' lang='lat'>28.</span> 
     </span>
    </p>

    <p class='ocr_par' dir='ltr' id='par_1_7' title="bbox 60 1490 1514 1766">
     <span class='ocr_line' id='line_1_24' title="bbox 172 1490 1514 1543; baseline 0 -15"><span class='ocrx_word' id='word_1_195' title='bbox 172 1503 215 1543; x_wconf 93' lang='lat' dir='ltr'>p.</span> <span class='ocrx_word' id='word_1_196' title='bbox 235 1493 291 1532; x_wconf 89' lang='grc'>22</span> <span class='ocrx_word' id='word_1_197' title='bbox 308 1503 348 1528; x_wconf 79' lang='lat' dir='ltr'>v.</span> <span class='ocrx_word' id='word_1_198' title='bbox 367 1490 409 1532; x_wconf 80' lang='grc'>4.</span> <span class='ocrx_word' id='word_1_199' title='bbox 467 1490 518 1530; x_wconf 85' lang='lat' dir='ltr'>de</span> <span class='ocrx_word' id='word_1_200' title='bbox 544 1500 671 1530; x_wconf 87' lang='lat' dir='ltr'>morte</span> <span class='ocrx_word' id='word_1_201' title='bbox 700 1492 891 1531; x_wconf 85' lang='lat' dir='ltr'>Gordiani</span> <span class='ocrx_word' id='word_1_202' title='bbox 919 1491 1001 1531; x_wconf 81' lang='lat' dir='ltr'>vid.</span> <span class='ocrx_word' id='word_1_203' title='bbox 1033 1494 1109 1532; x_wconf 92' lang='lat' dir='ltr'>Iul.</span> <span class='ocrx_word' id='word_1_204' title='bbox 1135 1493 1346 1543; x_wconf 86' lang='lat' dir='ltr'>Capitolin.</span> <span class='ocrx_word' id='word_1_205' title='bbox 1368 1492 1410 1529; x_wconf 88' lang='lat' dir='ltr'>in</span> <span class='ocrx_word' id='word_1_206' title='bbox 1429 1491 1514 1529; x_wconf 74' lang='lat' dir='ltr'>vita</span> 
     </span>
     <span class='ocr_line' id='line_1_25' title="bbox 63 1545 1513 1599; baseline -0.003 -11"><span class='ocrx_word' id='word_1_207' title='bbox 63 1545 186 1584; x_wconf 77' lang='lat' dir='ltr'>Gord-</span> <span class='ocrx_word' id='word_1_208' title='bbox 209 1559 243 1584; x_wconf 75' lang='lat'>⁰-</span> <span class='ocrx_word' id='word_1_209' title='bbox 262 1548 460 1588; x_wconf 83' lang='lat'>29-——30</span> <span class='ocrx_word' id='word_1_210' title='bbox 518 1561 610 1586; x_wconf 89' lang='lat' dir='ltr'>cum</span> <span class='ocrx_word' id='word_1_211' title='bbox 625 1548 843 1587; x_wconf 83' lang='lat' dir='ltr'>Herodiani</span> <span class='ocrx_word' id='word_1_212' title='bbox 868 1548 1032 1587; x_wconf 86' lang='lat' dir='ltr'>historia</span> <span class='ocrx_word' id='word_1_213' title='bbox 1058 1550 1101 1586; x_wconf 92' lang='lat' dir='ltr'>in</span> <span class='ocrx_word' id='word_1_214' title='bbox 1118 1549 1259 1599; x_wconf 87' lang='lat' dir='ltr'>primis</span> <span class='ocrx_word' id='word_1_215' title='bbox 1280 1549 1391 1598; x_wconf 88' lang='lat' dir='ltr'>regni</span> <span class='ocrx_word' id='word_1_216' title='bbox 1410 1549 1513 1585; x_wconf 80' lang='lat' dir='ltr'>Gor-</span> 
     </span>
     <span class='ocr_line' id='line_1_26' title="bbox 64 1600 1514 1657; baseline 0.001 -18"><span class='ocrx_word' id='word_1_217' title='bbox 64 1600 173 1640; x_wconf 88' lang='lat' dir='ltr'>diani</span> <span class='ocrx_word' id='word_1_218' title='bbox 192 1604 305 1640; x_wconf 84' lang='lat' dir='ltr'>annis</span> <span class='ocrx_word' id='word_1_219' title='bbox 327 1603 447 1640; x_wconf 87' lang='lat' dir='ltr'>finem</span> <span class='ocrx_word' id='word_1_220' title='bbox 466 1601 622 1652; x_wconf 89' lang='lat' dir='ltr'>habeat,</span> <span class='ocrx_word' id='word_1_221' title='bbox 643 1619 688 1642; x_wconf 86' lang='lat' dir='ltr'>ea</span> <span class='ocrx_word' id='word_1_222' title='bbox 708 1618 810 1657; x_wconf 89' lang='lat' dir='ltr'>quae</span> <span class='ocrx_word' id='word_1_223' title='bbox 830 1604 1017 1655; x_wconf 82' lang='lat' dir='ltr'>deinceps</span> <span class='ocrx_word' id='word_1_224' title='bbox 1034 1612 1125 1641; x_wconf 88' lang='lat' dir='ltr'>ante</span> <span class='ocrx_word' id='word_1_225' title='bbox 1142 1605 1389 1642; x_wconf 81' lang='lat' dir='ltr'>Constantini</span> <span class='ocrx_word' id='word_1_226' title='bbox 1408 1611 1514 1640; x_wconf 89' lang='lat' dir='ltr'>tem-</span> 
     </span>
     <span class='ocr_line' id='line_1_27' title="bbox 60 1658 1513 1714; baseline 0 -18"><span class='ocrx_word' id='word_1_227' title='bbox 60 1670 158 1709; x_wconf 84' lang='lat' dir='ltr'>pora</span> <span class='ocrx_word' id='word_1_228' title='bbox 173 1665 284 1714; x_wconf 76' lang='lat' dir='ltr'>gesta</span> <span class='ocrx_word' id='word_1_229' title='bbox 298 1665 403 1707; x_wconf 88' lang='lat' dir='ltr'>sunt,</span> <span class='ocrx_word' id='word_1_230' title='bbox 435 1672 488 1696; x_wconf 88' lang='lat' dir='ltr'>ex</span> <span class='ocrx_word' id='word_1_231' title='bbox 503 1662 663 1699; x_wconf 88' lang='lat' dir='ltr'>Zosimo</span> <span class='ocrx_word' id='word_1_232' title='bbox 681 1662 858 1698; x_wconf 79' lang='lat' dir='ltr'>maxime</span> <span class='ocrx_word' id='word_1_233' title='bbox 877 1667 917 1698; x_wconf 89' lang='lat' dir='ltr'>et</span> <span class='ocrx_word' id='word_1_234' title='bbox 936 1660 1191 1711; x_wconf 80' lang='lat' dir='ltr'>scriptoribus</span> <span class='ocrx_word' id='word_1_235' title='bbox 1214 1658 1403 1697; x_wconf 82' lang='lat' dir='ltr'>historiae</span> <span class='ocrx_word' id='word_1_236' title='bbox 1423 1661 1513 1697; x_wconf 88' lang='lat' dir='ltr'>Au-</span> 
     </span>
     <span class='ocr_line' id='line_1_28' title="bbox 60 1709 515 1766; baseline 0 -14"><span class='ocrx_word' id='word_1_237' title='bbox 60 1721 198 1765; x_wconf 84' lang='lat' dir='ltr'>gustae</span> <span class='ocrx_word' id='word_1_238' title='bbox 220 1709 391 1766; x_wconf 86' lang='lat' dir='ltr'>petenda</span> <span class='ocrx_word' id='word_1_239' title='bbox 410 1722 515 1753; x_wconf 90' lang='lat' dir='ltr'>sunt.</span> 
     </span>
    </p>

    <p class='ocr_par' dir='ltr' id='par_1_8' title="bbox 56 1767 1508 2493">
     <span class='ocr_line' id='line_1_29' title="bbox 172 1767 1508 1822; baseline -0.001 -16"><span class='ocrx_word' id='word_1_240' title='bbox 172 1769 376 1811; x_wconf 73' lang='lat' dir='ltr'>ib.v.15.</span> <span class='ocrx_word' id='word_1_241' title='bbox 432 1783 512 1813; x_wconf 83' lang='grc'>11011</span> <span class='ocrx_word' id='word_1_242' title='bbox 531 1768 720 1808; x_wconf 85' lang='lat' dir='ltr'>tentanda</span> <span class='ocrx_word' id='word_1_243' title='bbox 744 1778 827 1809; x_wconf 86' lang='lat' dir='ltr'>erat</span> <span class='ocrx_word' id='word_1_244' title='bbox 850 1783 932 1808; x_wconf 74' lang='lat' dir='ltr'>vox</span> <span class='ocrx_word' id='word_1_245' title='bbox 957 1767 1038 1822; x_wconf 77' lang='grc' dir='ltr'>ἤδη</span> <span class='ocrx_word' id='word_1_246' title='bbox 1069 1769 1197 1822; x_wconf 75' lang='grc' dir='ltr'><strong><em>[ἔθνη</em></strong></span> <span class='ocrx_word' id='word_1_247' title='bbox 1217 1770 1390 1808; x_wconf 84' lang='lat' dir='ltr'>malebat</span> <span class='ocrx_word' id='word_1_248' title='bbox 1410 1770 1508 1807; x_wconf 86' lang='lat' dir='ltr'>Rei-</span> 
     </span>
     <span class='ocr_line' id='line_1_30' title="bbox 61 1825 1502 1878; baseline -0.001 -14"><span class='ocrx_word' id='word_1_249' title='bbox 61 1827 300 1877; x_wconf 82' lang='lat' dir='ltr'>temeierus.]</span> <span class='ocrx_word' id='word_1_250' title='bbox 364 1825 487 1876; x_wconf 76' lang='lat' dir='ltr'>Carpi</span> <span class='ocrx_word' id='word_1_251' title='bbox 507 1829 589 1863; x_wconf 81' lang='lat' dir='ltr'>iam</span> <span class='ocrx_word' id='word_1_252' title='bbox 614 1834 698 1863; x_wconf 87' lang='lat' dir='ltr'>tum</span> <span class='ocrx_word' id='word_1_253' title='bbox 725 1829 854 1864; x_wconf 72' lang='lat' dir='ltr'>vicina</span> <span class='ocrx_word' id='word_1_254' title='bbox 870 1828 960 1864; x_wconf 86' lang='lat' dir='ltr'>Istri</span> <span class='ocrx_word' id='word_1_255' title='bbox 991 1828 1077 1864; x_wconf 85' lang='lat' dir='ltr'>loca</span> <span class='ocrx_word' id='word_1_256' title='bbox 1108 1828 1290 1878; x_wconf 85' lang='lat' dir='ltr'>populari</span> <span class='ocrx_word' id='word_1_257' title='bbox 1314 1837 1502 1877; x_wconf 76' lang='lat' dir='ltr'>coepere3</span> 
     </span>
     <span class='ocr_line' id='line_1_31' title="bbox 60 1882 1505 1921; baseline -0.001 -2"><span class='ocrx_word' id='word_1_258' title='bbox 60 1894 159 1919; x_wconf 84' lang='lat' dir='ltr'>mox</span> <span class='ocrx_word' id='word_1_259' title='bbox 180 1882 322 1919; x_wconf 70' lang='lat' dir='ltr'>efflusi</span> <span class='ocrx_word' id='word_1_260' title='bbox 313 1894 352 1917; x_wconf 87' lang='grc'>111</span> <span class='ocrx_word' id='word_1_261' title='bbox 373 1882 470 1919; x_wconf 86' lang='lat' dir='ltr'>fines</span> <span class='ocrx_word' id='word_1_262' title='bbox 484 1884 751 1920; x_wconf 82' lang='lat' dir='ltr'>Romanorum</span> <span class='ocrx_word' id='word_1_263' title='bbox 766 1883 1003 1921; x_wconf 77' lang='lat' dir='ltr'>vastationes</span> <span class='ocrx_word' id='word_1_264' title='bbox 1022 1883 1150 1920; x_wconf 86' lang='lat' dir='ltr'>fecere</span> <span class='ocrx_word' id='word_1_265' title='bbox 1171 1884 1382 1920; x_wconf 81' lang='lat' dir='ltr'>maximas.</span> <span class='ocrx_word' id='word_1_266' title='bbox 1412 1883 1505 1918; x_wconf 83' lang='lat' dir='ltr'>bar-</span> 
     </span>
     <span class='ocr_line' id='line_1_32' title="bbox 59 1936 1504 1989; baseline 0 -15"><span class='ocrx_word' id='word_1_267' title='bbox 59 1938 147 1975; x_wconf 85' lang='lat' dir='ltr'>bari</span> <span class='ocrx_word' id='word_1_268' title='bbox 162 1936 225 1986; x_wconf 92' lang='lat' dir='ltr'>hi,</span> <span class='ocrx_word' id='word_1_269' title='bbox 265 1937 334 1989; x_wconf 87' lang='lat' dir='ltr'>qui</span> <span class='ocrx_word' id='word_1_270' title='bbox 353 1936 583 1988; x_wconf 85' lang='lat' dir='ltr'>Carpathios</span> <span class='ocrx_word' id='word_1_271' title='bbox 604 1945 759 1976; x_wconf 91' lang='lat' dir='ltr'>montes</span> <span class='ocrx_word' id='word_1_272' title='bbox 779 1938 970 1976; x_wconf 82' lang='lat' dir='ltr'>insedisse</span> <span class='ocrx_word' id='word_1_273' title='bbox 988 1938 1194 1987; x_wconf 78' lang='lat' dir='ltr'>videntur,</span> <span class='ocrx_word' id='word_1_274' title='bbox 1222 1939 1325 1976; x_wconf 84' lang='lat' dir='ltr'>inter</span> <span class='ocrx_word' id='word_1_275' title='bbox 1341 1939 1504 1976; x_wconf 83' lang='lat' dir='ltr'>Sarma-</span> 
     </span>
     <span class='ocr_line' id='line_1_33' title="bbox 59 1994 1502 2046; baseline 0 -15"><span class='ocrx_word' id='word_1_276' title='bbox 59 1995 159 2032; x_wconf 81' lang='lat' dir='ltr'>ticos</span> <span class='ocrx_word' id='word_1_277' title='bbox 177 1994 344 2046; x_wconf 85' lang='lat' dir='ltr'>populos</span> <span class='ocrx_word' id='word_1_278' title='bbox 364 2002 721 2032; x_wconf 85' lang='lat' dir='ltr'>commemorantur</span> <span class='ocrx_word' id='word_1_279' title='bbox 738 1997 925 2046; x_wconf 81' lang='lat' dir='ltr'>primum,</span> <span class='ocrx_word' id='word_1_280' title='bbox 956 1997 990 2033; x_wconf 92' lang='lat' dir='ltr'>si</span> <span class='ocrx_word' id='word_1_281' title='bbox 1007 1995 1109 2032; x_wconf 89' lang='lat' dir='ltr'>bene</span> <span class='ocrx_word' id='word_1_282' title='bbox 1129 1996 1315 2043; x_wconf 89' lang='lat' dir='ltr'>memini,</span> <span class='ocrx_word' id='word_1_283' title='bbox 1345 2007 1366 2032; x_wconf 85' lang='lat' dir='ltr'>a</span> <span class='ocrx_word' id='word_1_284' title='bbox 1384 1996 1502 2031; x_wconf 82' lang='lat' dir='ltr'>Petro</span> 
     </span>
     <span class='ocr_line' id='line_1_34' title="bbox 59 2050 1504 2102; baseline 0 -15"><span class='ocrx_word' id='word_1_285' title='bbox 59 2051 229 2087; x_wconf 82' lang='lat' dir='ltr'>Patricio</span> <span class='ocrx_word' id='word_1_286' title='bbox 257 2050 300 2086; x_wconf 88' lang='lat' dir='ltr'>in</span> <span class='ocrx_word' id='word_1_287' title='bbox 324 2051 424 2086; x_wconf 85' lang='lat' dir='ltr'>Exc.</span> <span class='ocrx_word' id='word_1_288' title='bbox 448 2051 587 2101; x_wconf 82' lang='lat' dir='ltr'>Legat.</span> <span class='ocrx_word' id='word_1_289' title='bbox 604 2079 616 2099; x_wconf 92' lang='lat'>,</span> <span class='ocrx_word' id='word_1_290' title='bbox 653 2050 872 2088; x_wconf 85' lang='lat' dir='ltr'>Alexandri</span> <span class='ocrx_word' id='word_1_291' title='bbox 895 2052 1032 2090; x_wconf 80' lang='lat' dir='ltr'>Severi</span> <span class='ocrx_word' id='word_1_292' title='bbox 1056 2057 1257 2102; x_wconf 89' lang='lat' dir='ltr'>tempore,</span> <span class='ocrx_word' id='word_1_293' title='bbox 1306 2050 1504 2101; x_wconf 88' lang='lat' dir='ltr'>stipendia</span> 
     </span>
     <span class='ocr_line' id='line_1_35' title="bbox 59 2105 1503 2158; baseline 0.001 -16"><span class='ocrx_word' id='word_1_294' title='bbox 59 2106 302 2157; x_wconf 82' lang='lat' dir='ltr'>postulantes</span> <span class='ocrx_word' id='word_1_295' title='bbox 322 2117 344 2142; x_wconf 89' lang='lat' dir='ltr'>a</span> <span class='ocrx_word' id='word_1_296' title='bbox 360 2107 570 2154; x_wconf 86' lang='lat' dir='ltr'>Romanis,</span> <span class='ocrx_word' id='word_1_297' title='bbox 609 2105 681 2144; x_wconf 88' lang='lat' dir='ltr'>sed</span> <span class='ocrx_word' id='word_1_298' title='bbox 704 2109 873 2158; x_wconf 88' lang='lat' dir='ltr'>repressi</span> <span class='ocrx_word' id='word_1_299' title='bbox 893 2120 917 2145; x_wconf 84' lang='lat' dir='ltr'>a</span> <span class='ocrx_word' id='word_1_300' title='bbox 935 2105 1166 2158; x_wconf 85' lang='lat' dir='ltr'>Menophilo</span> <span class='ocrx_word' id='word_1_301' title='bbox 1188 2106 1287 2144; x_wconf 90' lang='lat' dir='ltr'>duce</span> <span class='ocrx_word' id='word_1_302' title='bbox 1303 2108 1503 2154; x_wconf 80' lang='lat' dir='ltr'>Moesiae3</span> 
     </span>
     <span class='ocr_line' id='line_1_36' title="bbox 59 2162 1505 2213; baseline -0.001 -14"><span class='ocrx_word' id='word_1_303' title='bbox 59 2173 139 2213; x_wconf 82' lang='lat' dir='ltr'>quo</span> <span class='ocrx_word' id='word_1_304' title='bbox 155 2169 311 2199; x_wconf 82' lang='lat' dir='ltr'>mortuo</span> <span class='ocrx_word' id='word_1_305' title='bbox 331 2163 523 2200; x_wconf 85' lang='lat' dir='ltr'>Moesiam</span> <span class='ocrx_word' id='word_1_306' title='bbox 541 2162 758 2213; x_wconf 87' lang='lat' dir='ltr'>diripuere,</span> <span class='ocrx_word' id='word_1_307' title='bbox 787 2176 924 2202; x_wconf 80' lang='lat' dir='ltr'>eversa</span> <span class='ocrx_word' id='word_1_308' title='bbox 944 2163 1100 2201; x_wconf 76' lang='lat' dir='ltr'>civitate</span> <span class='ocrx_word' id='word_1_309' title='bbox 1118 2165 1268 2202; x_wconf 86' lang='lat' dir='ltr'>Istrica.</span> <span class='ocrx_word' id='word_1_310' title='bbox 1325 2163 1400 2200; x_wconf 89' lang='lat' dir='ltr'>Iul.</span> <span class='ocrx_word' id='word_1_311' title='bbox 1425 2163 1505 2199; x_wconf 90' lang='lat' dir='ltr'>Ca·-</span> 
     </span>
     <span class='ocr_line' id='line_1_37' title="bbox 58 2217 1505 2271; baseline 0.001 -18"><span class='ocrx_word' id='word_1_312' title='bbox 58 2219 132 2268; x_wconf 88' lang='lat' dir='ltr'>pit.</span> <span class='ocrx_word' id='word_1_313' title='bbox 155 2219 198 2254; x_wconf 92' lang='lat' dir='ltr'>in</span> <span class='ocrx_word' id='word_1_314' title='bbox 219 2218 328 2254; x_wconf 85' lang='lat' dir='ltr'>Max.</span> <span class='ocrx_word' id='word_1_315' title='bbox 349 2224 387 2254; x_wconf 90' lang='lat' dir='ltr'>et</span> <span class='ocrx_word' id='word_1_316' title='bbox 406 2219 519 2255; x_wconf 87' lang='lat' dir='ltr'>Balb.</span> <span class='ocrx_word' id='word_1_317' title='bbox 540 2232 573 2256; x_wconf 92' lang='lat' dir='ltr'>c.</span> <span class='ocrx_word' id='word_1_318' title='bbox 595 2220 660 2259; x_wconf 90' lang='lat'>16.</span> <span class='ocrx_word' id='word_1_319' title='bbox 718 2232 786 2257; x_wconf 88' lang='lat' dir='ltr'>eos</span> <span class='ocrx_word' id='word_1_320' title='bbox 807 2233 915 2256; x_wconf 84' lang='lat' dir='ltr'>nune</span> <span class='ocrx_word' id='word_1_321' title='bbox 933 2232 1141 2271; x_wconf 83' lang='lat' dir='ltr'>aggressus</span> <span class='ocrx_word' id='word_1_322' title='bbox 1156 2218 1366 2270; x_wconf 83' lang='lat' dir='ltr'>Philippus</span> <span class='ocrx_word' id='word_1_323' title='bbox 1385 2217 1505 2254; x_wconf 85' lang='lat' dir='ltr'>fudit.</span> 
     </span>
     <span class='ocr_line' id='line_1_38' title="bbox 58 2273 1506 2325; baseline -0.001 -15"><span class='ocrx_word' id='word_1_324' title='bbox 58 2286 156 2311; x_wconf 87' lang='lat' dir='ltr'>mox</span> <span class='ocrx_word' id='word_1_325' title='bbox 175 2273 252 2310; x_wconf 86' lang='lat' dir='ltr'>alia</span> <span class='ocrx_word' id='word_1_326' title='bbox 272 2286 362 2310; x_wconf 87' lang='lat' dir='ltr'>cum</span> <span class='ocrx_word' id='word_1_327' title='bbox 378 2275 429 2311; x_wconf 87' lang='lat' dir='ltr'>iis</span> <span class='ocrx_word' id='word_1_328' title='bbox 447 2282 557 2325; x_wconf 89' lang='lat' dir='ltr'>gesta</span> <span class='ocrx_word' id='word_1_329' title='bbox 575 2275 682 2311; x_wconf 87' lang='lat' dir='ltr'>bella</span> <span class='ocrx_word' id='word_1_330' title='bbox 700 2275 772 2313; x_wconf 87' lang='lat' dir='ltr'>sub</span> <span class='ocrx_word' id='word_1_331' title='bbox 791 2276 937 2325; x_wconf 87' lang='lat' dir='ltr'>Decio,</span> <span class='ocrx_word' id='word_1_332' title='bbox 967 2276 1039 2314; x_wconf 87' lang='lat' dir='ltr'>sub</span> <span class='ocrx_word' id='word_1_333' title='bbox 1063 2274 1227 2313; x_wconf 86' lang='lat' dir='ltr'>Claudio</span> <span class='ocrx_word' id='word_1_334' title='bbox 1243 2305 1254 2323; x_wconf 92' lang='lat'>,</span> <span class='ocrx_word' id='word_1_335' title='bbox 1282 2275 1355 2313; x_wconf 89' lang='lat' dir='ltr'>sub</span> <span class='ocrx_word' id='word_1_336' title='bbox 1373 2276 1506 2310; x_wconf 86' lang='lat' dir='ltr'>Aure-</span> 
     </span>
     <span class='ocr_line' id='line_1_39' title="bbox 57 2328 1507 2383; baseline -0.001 -17"><span class='ocrx_word' id='word_1_337' title='bbox 57 2329 187 2376; x_wconf 88' lang='lat' dir='ltr'>liano,</span> <span class='ocrx_word' id='word_1_338' title='bbox 223 2331 292 2380; x_wconf 92' lang='lat' dir='ltr'>qui</span> <span class='ocrx_word' id='word_1_339' title='bbox 312 2336 351 2366; x_wconf 90' lang='lat' dir='ltr'>et</span> <span class='ocrx_word' id='word_1_340' title='bbox 371 2330 557 2381; x_wconf 85' lang='lat' dir='ltr'>Carpicus</span> <span class='ocrx_word' id='word_1_341' title='bbox 579 2343 602 2367; x_wconf 86' lang='lat' dir='ltr'>a</span> <span class='ocrx_word' id='word_1_342' title='bbox 619 2339 759 2368; x_wconf 85' lang='lat' dir='ltr'>senatu</span> <span class='ocrx_word' id='word_1_343' title='bbox 777 2330 918 2369; x_wconf 82' lang='lat' dir='ltr'>dictus.</span> <span class='ocrx_word' id='word_1_344' title='bbox 973 2332 1132 2383; x_wconf 85' lang='lat' dir='ltr'>Vopisc.</span> <span class='ocrx_word' id='word_1_345' title='bbox 1159 2345 1193 2369; x_wconf 86' lang='lat' dir='ltr'>c.</span> <span class='ocrx_word' id='word_1_346' title='bbox 1217 2334 1286 2373; x_wconf 82' lang='lat'>30.</span> <span class='ocrx_word' id='word_1_347' title='bbox 1343 2328 1507 2367; x_wconf 85' lang='lat' dir='ltr'>tandem</span> 
     </span>
     <span class='ocr_line' id='line_1_40' title="bbox 59 2384 1506 2438; baseline 0.001 -17"><span class='ocrx_word' id='word_1_348' title='bbox 59 2385 131 2422; x_wconf 84' lang='lat' dir='ltr'>sub</span> <span class='ocrx_word' id='word_1_349' title='bbox 151 2397 188 2422; x_wconf 84' lang='lat' dir='ltr'>a.</span> <span class='ocrx_word' id='word_1_350' title='bbox 209 2385 292 2426; x_wconf 80' lang='grc'>295</span> <span class='ocrx_word' id='word_1_351' title='bbox 310 2397 333 2421; x_wconf 87' lang='lat' dir='ltr'>a</span> <span class='ocrx_word' id='word_1_352' title='bbox 346 2386 607 2435; x_wconf 82' lang='lat' dir='ltr'>Diocletiano,</span> <span class='ocrx_word' id='word_1_353' title='bbox 638 2385 838 2425; x_wconf 88' lang='lat' dir='ltr'>deditione</span> <span class='ocrx_word' id='word_1_354' title='bbox 859 2388 985 2438; x_wconf 85' lang='lat' dir='ltr'>facta,</span> <span class='ocrx_word' id='word_1_355' title='bbox 1012 2389 1055 2425; x_wconf 90' lang='lat' dir='ltr'>in</span> <span class='ocrx_word' id='word_1_356' title='bbox 1074 2389 1267 2426; x_wconf 84' lang='lat' dir='ltr'>Moesiam</span> <span class='ocrx_word' id='word_1_357' title='bbox 1289 2384 1506 2424; x_wconf 72' lang='lat' dir='ltr'>secundam</span> 
     </span>
     <span class='ocr_line' id='line_1_41' title="bbox 56 2439 681 2493; baseline 0.005 -16"><span class='ocrx_word' id='word_1_358' title='bbox 56 2439 225 2478; x_wconf 86' lang='lat' dir='ltr'>traducti</span> <span class='ocrx_word' id='word_1_359' title='bbox 245 2453 359 2491; x_wconf 83' lang='lat' dir='ltr'>agros</span> <span class='ocrx_word' id='word_1_360' title='bbox 375 2454 574 2493; x_wconf 87' lang='lat' dir='ltr'>accepere.</span> <span class='ocrx_word' id='word_1_361' title='bbox 620 2444 681 2480; x_wconf 89' lang='lat' dir='ltr'>H.</span> 
     </span>
    </p>

    <p class='ocr_par' dir='ltr' id='par_1_9' title="bbox 55 2495 1504 2720">
     <span class='ocr_line' id='line_1_42' title="bbox 168 2495 1504 2547; baseline -0.002 -13"><span class='ocrx_word' id='word_1_362' title='bbox 168 2509 210 2547; x_wconf 90' lang='lat' dir='ltr'>p.</span> <span class='ocrx_word' id='word_1_363' title='bbox 230 2499 284 2536; x_wconf 83' lang='lat'>23</span> <span class='ocrx_word' id='word_1_364' title='bbox 300 2509 339 2533; x_wconf 75' lang='lat' dir='ltr'>v-</span> <span class='ocrx_word' id='word_1_365' title='bbox 362 2497 427 2538; x_wconf 86' lang='lat'>18.</span> <span class='ocrx_word' id='word_1_366' title='bbox 482 2500 636 2536; x_wconf 85' lang='lat' dir='ltr'>Zonara</span> <span class='ocrx_word' id='word_1_367' title='bbox 659 2501 709 2539; x_wconf 77' lang='lat'>12</span> <span class='ocrx_word' id='word_1_368' title='bbox 736 2500 792 2539; x_wconf 78' lang='lat'>20</span> <span class='ocrx_word' id='word_1_369' title='bbox 818 2505 976 2537; x_wconf 86' lang='lat' dir='ltr'>auctore</span> <span class='ocrx_word' id='word_1_370' title='bbox 993 2499 1138 2536; x_wconf 84' lang='lat' dir='ltr'>Decius</span> <span class='ocrx_word' id='word_1_371' title='bbox 1158 2510 1180 2535; x_wconf 83' lang='lat' dir='ltr'>a</span> <span class='ocrx_word' id='word_1_372' title='bbox 1203 2495 1390 2546; x_wconf 86' lang='lat' dir='ltr'>Philippo</span> <span class='ocrx_word' id='word_1_373' title='bbox 1411 2507 1504 2532; x_wconf 86' lang='lat' dir='ltr'>coa-</span> 
     </span>
     <span class='ocr_line' id='line_1_43' title="bbox 59 2549 1503 2605; baseline -0.001 -17"><span class='ocrx_word' id='word_1_374' title='bbox 59 2557 144 2589; x_wconf 82' lang='lat' dir='ltr'>ctus</span> <span class='ocrx_word' id='word_1_375' title='bbox 165 2559 224 2589; x_wconf 91' lang='lat' dir='ltr'>est</span> <span class='ocrx_word' id='word_1_376' title='bbox 240 2550 292 2588; x_wconf 87' lang='lat' dir='ltr'>ad</span> <span class='ocrx_word' id='word_1_377' title='bbox 309 2553 595 2603; x_wconf 82' lang='lat' dir='ltr'>praefecturam</span> <span class='ocrx_word' id='word_1_378' title='bbox 612 2554 904 2605; x_wconf 82' lang='lat' dir='ltr'>suscipiendam</span> <span class='ocrx_word' id='word_1_379' title='bbox 923 2556 1055 2593; x_wconf 85' lang='lat' dir='ltr'>stricto</span> <span class='ocrx_word' id='word_1_380' title='bbox 1079 2553 1225 2605; x_wconf 84' lang='lat' dir='ltr'>gladio.</span> <span class='ocrx_word' id='word_1_381' title='bbox 1281 2564 1380 2588; x_wconf 89' lang='lat' dir='ltr'>num</span> <span class='ocrx_word' id='word_1_382' title='bbox 1399 2549 1503 2588; x_wconf 84' lang='lat' dir='ltr'>haec</span> 
     </span>
     <span class='ocr_line' id='line_1_44' title="bbox 58 2584 1500 2660; baseline -0.001 -16"><span class='ocrx_word' id='word_1_383' title='bbox 58 2614 121 2645; x_wconf 85' lang='lat' dir='ltr'>est</span> <span class='ocrx_word' id='word_1_384' title='bbox 134 2606 365 2646; x_wconf 87' lang='lat' dir='ltr'>Thessalica</span> <span class='ocrx_word' id='word_1_385' title='bbox 389 2609 620 2660; x_wconf 75' lang='lat' dir='ltr'>persuasio‘l</span> <span class='ocrx_word' id='word_1_386' title='bbox 679 2611 813 2648; x_wconf 87' lang='lat' dir='ltr'>Cicero</span> <span class='ocrx_word' id='word_1_387' title='bbox 833 2610 886 2648; x_wconf 83' lang='lat' dir='ltr'>ad</span> <span class='ocrx_word' id='word_1_388' title='bbox 902 2613 1078 2649; x_wconf 84' lang='lat' dir='ltr'>Atticum</span> <span class='ocrx_word' id='word_1_389' title='bbox 1079 2584 1121 2651; x_wconf 59' lang='lat'>09</span> <span class='ocrx_word' id='word_1_390' title='bbox 1154 2611 1205 2650; x_wconf 81' lang='lat'>13</span> <span class='ocrx_word' id='word_1_391' title='bbox 1235 2620 1280 2646; x_wconf 86' lang='lat' dir='ltr'>ea</span> <span class='ocrx_word' id='word_1_392' title='bbox 1299 2619 1396 2645; x_wconf 75' lang='lat' dir='ltr'>voce</span> <span class='ocrx_word' id='word_1_393' title='bbox 1417 2608 1500 2643; x_wconf 89' lang='lat' dir='ltr'>uti-</span> 
     </span>
     <span class='ocr_line' id='line_1_45' title="bbox 55 2661 1501 2720; baseline 0 -20"><span class='ocrx_word' id='word_1_394' title='bbox 55 2668 120 2700; x_wconf 87' lang='lat' dir='ltr'>tur</span> <span class='ocrx_word' id='word_1_395' title='bbox 134 2663 186 2700; x_wconf 83' lang='lat' dir='ltr'>ad</span> <span class='ocrx_word' id='word_1_396' title='bbox 203 2666 519 2716; x_wconf 85' lang='lat' dir='ltr'>persuasionem,</span> <span class='ocrx_word' id='word_1_397' title='bbox 546 2679 649 2720; x_wconf 88' lang='lat' dir='ltr'>quae</span> <span class='ocrx_word' id='word_1_398' title='bbox 676 2679 767 2705; x_wconf 89' lang='lat' dir='ltr'>cum</span> <span class='ocrx_word' id='word_1_399' title='bbox 787 2669 1021 2707; x_wconf 82' lang='lat' dir='ltr'>necessitate</span> <span class='ocrx_word' id='word_1_400' title='bbox 1047 2665 1256 2704; x_wconf 85' lang='lat' dir='ltr'>coniuncta</span> <span class='ocrx_word' id='word_1_401' title='bbox 1281 2669 1360 2713; x_wconf 79' lang='lat' dir='ltr'>est,</span> <span class='ocrx_word' id='word_1_402' title='bbox 1390 2661 1501 2701; x_wconf 83' lang='lat' dir='ltr'>desi-</span> 
     </span>
    </p>
   </div>
   <div class='ocr_carea' id='block_1_3' title="bbox 54 2717 267 2768">
    <p class='ocr_par' dir='ltr' id='par_1_10' title="bbox 54 2717 267 2768">
     <span class='ocr_line' id='line_1_46' title="bbox 54 2717 267 2768; baseline 0.005 -12"><span class='ocrx_word' id='word_1_403' title='bbox 54 2717 267 2768; x_wconf 83' lang='lat' dir='ltr'>guandam.</span> 
     </span>
    </p>
   </div>
  </div>
 </body>
</html>
