1716 3100
190 127 235 157 vs
429 114 768 161 ΙΜΜΑΝυΕιῑε
802 116 1056 167 BEKKEm
1086 103 1404 161 PRAEFAno'.

191 245 430 290 decessoris
446 247 532 290 mei
550 262 716 291 errores
736 254 987 308 comparata
1004 249 1192 301 editione
1205 249 1498 309 Sylburgiana
1514 265 1614 294 cor-

189 336 306 392 rexi,
340 342 464 388 notas
497 337 664 382 criticas
690 352 796 394 quas
819 352 906 380 non
926 338 1164 396 probarem
1186 340 1356 394 sustuli,
1390 354 1614 390 commen-

188 426 345 468 tarium
371 425 622 470 historicum
648 427 814 471 insertis
842 427 1006 486 Heynii
1037 429 1382 480 annotationibus
1413 429 1508 480 usui
1538 444 1615 475 ae-

188 514 478 562 commodavi.

320 604 463 651 Scrib.
482 603 677 657 Botolini
694 604 835 650 idibus
853 605 994 665 April.
1015 621 1054 651 a.
1076 603 1222 654 1836.

187 782 234 820 36
259 783 300 816 19
322 782 348 814 S
367 779 572 832 πράγμασιν
594 790 719 822 ουσιν,
741 781 775 814 Β
794 790 908 814 ουσιν.
951 781 997 820 37
1019 782 1040 815 6
1065 781 1091 814 8
1110 779 1168 823 δὲ,
1190 781 1224 814 Β
1238 780 1311 815 καὶ.
1355 779 1398 814 41
1427 782 1443 815 1
1466 781 1493 813 S
1513 778 1616 823 Αἰγυ·

187 838 307 867 αιτιοι,
342 827 373 859 Β
409 824 602 869 Αἰγύπτιοί
629 837 678 860 τε.
746 825 792 861 42
822 828 864 861 16
899 827 926 859 S
959 823 1131 859 κοῖκεῖθεν
1157 806 1339 880 ἤλαυνεν,
1374 826 1407 862 Β
1433 822 1617 868 κάκεῖθεν.

186 872 232 907 43
255 873 277 906 3
299 872 325 905 S
344 869 401 914 δὲ,
425 839 472 905 Βγ
475 870 547 904 καὶ.
599 871 643 906 43
667 872 688 905 6
711 872 737 905 S
751 869 979 911 καταλιπὼν,
1002 872 1035 904 Β
1055 868 1239 908 ἐπιλιπών.
1282 871 1326 905 43
1352 871 1394 905 14
1414 871 1441 904 S
1461 868 1617 913 ἔννοιαν,

187 918 222 953 Β
241 896 401 951 εὔνοιαν.
446 917 491 952 43
518 917 558 951 19
582 917 608 948 8
625 914 890 959 ἐθελήσαντας,
913 917 946 949 Β
963 914 1210 970 ἐθελήσαντες.
1256 917 1301 950 44
1323 918 1365 950 10
1387 917 1413 948 S
1427 913 1483 957 ἐς,
1506 917 1538 949 Β
1553 915 1616 953 εἰς.

187 961 232 996 45
267 963 308 996 19
342 963 367 998 S
399 960 742 1005 συνασπισαμένοις,
778 962 811 994 Β
845 971 1153 1004 συνασπισμενοις.
1219 960 1260 994 51
1297 957 1338 995 16
1370 963 1397 994 S
1421 973 1463 1004 τη
1468 972 1485 999 ς
1510 961 1619 1001 θεοῦ,

187 1007 221 1040 R
237 1007 344 1042 θεοῦ.
398 1008 443 1041 54
463 1007 484 1047 9
507 1008 533 1039 S
551 989 860 1058 τολμηροτάτους,
881 1007 913 1039 Β
930 1006 1018 1045 τοὺς
1035 1004 1338 1050 τολμηροτάτους.
1392 973 1502 1040 557119
1524 1008 1551 1039 S
1569 1016 1618 1048 τε,

188 1051 298 1086 Βδε.
352 1051 395 1085 56
425 1043 471 1086 14
490 1052 516 1084 S
541 1052 606 1094 τῆς
635 1052 836 1096 βασιλείας,
860 1052 892 1090 Β
913 1051 1106 1095 βασιλείας.
1160 1053 1203 1086 59
1226 1053 1247 1090 7
1269 1053 1295 1084 S
1316 1048 1424 1094 μετὰ,
1449 1051 1481 1084 Β
1511 1049 1616 1092 κατὰ,

186 1098 231 1131 59
269 1098 311 1132 13
345 1098 371 1130 S
405 1097 656 1150 στρατιωτῶν,
692 1098 725 1130 Β
754 1097 827 1130 τῶν
853 1097 1098 1151 στρατιωτῶν.
1156 1098 1198 1130 61
1233 1097 1279 1141 22
1312 1099 1339 1129 S
1365 1095 1437 1141 τῷ,
1471 1096 1504 1128 Β
1531 1097 1617 1130 τῶν.

187 1142 230 1175 65
256 1144 299 1176 10
320 1143 346 1175 8
363 1139 401 1175 δε
419 1138 451 1184 6,
467 1143 500 1175 Β
519 1138 550 1176 ὁ.
597 1143 642 1176 66
667 1143 708 1197 19
730 1142 757 1175 S
771 1139 1012 1186 ἀνενεώσατο
1027 1142 1059 1174 Β
1075 1138 1275 1175 ἄνεώσατο.
1319 1136 1364 1175 67
1383 1128 1406 1175 2
1427 1142 1453 1174 S
1465 1137 1519 1174 'Ar
1519 1140 1617 1184 ηΐου,

186 1187 219 1223 Β
248 1184 344 1230 Αὕτη
349 1186 420 1220 ἴου.
475 1189 519 1222 67
551 1186 574 1223 4
608 1189 633 1219 8
658 1185 705 1228 τοὶ
737 1185 936 1231 Σιβύλλης,
972 1188 1005 1220 Β
1030 1187 1094 1229 τῆς
1121 1185 1312 1240 Σιβύλλης
1370 1187 1413 1222 76
1436 1187 1459 1220 4
1481 1188 1508 1227 S
1519 1153 1619 1241 ηραν-

185 1231 386 1277 λευομένῳ,
419 1232 452 1264 Β
486 1231 706 1284 βουλομένῳ.
780 1233 824 1266 77
863 1234 879 1266 1
916 1234 943 1269 S
975 1229 1252 1274 ἐκθυσαμένων,
1284 1231 1317 1263 Β
1350 1221 1618 1285 ἐνθυσαμενων.

185 1279 230 1312 77
257 1279 298 1312 19
321 1279 347 1310 S
365 1277 438 1310 τῶν
459 1277 708 1321 στρατιωτῶν,
732 1277 764 1310 Β
783 1287 1024 1330 στρατιωτων.
1091 1278 1135 1310 80
1159 1278 1176 1310 1
1201 1277 1227 1308 8
1253 1276 1436 1309 συναντᾶν
1458 1288 1535 1315 πως
1556 1274 1618 1310 οἷλνι

186 1320 308 1364 λη’λοις
328 1321 500 1376 περόναις
519 1322 683 1365 σιδηραῖς
704 1319 998 1365 οἷνασπωμέναις,
1021 1322 1053 1355 Β
1072 1321 1254 1354 συναντᾶν
1270 1320 1434 1369 σιδηραῖς
1450 1318 1618 1355 οἷνασπω-

185 1367 312 1409 μέναις
330 1379 407 1407 πως
427 1364 593 1410 οἷλλήλοις
610 1366 793 1410 περόναις.
840 1369 884 1401 80
908 1369 949 1402 18
971 1368 998 1400 8
1019 1363 1038 1400 6
1059 1367 1352 1407 Κωνσταντῖνος,
1377 1367 1410 1399 Β
1427 1368 1618 1400 Κωνσταν-

186 1415 299 1450 τίνος.
360 1414 402 1447 81
430 1414 447 1446 1
471 1413 498 1444 S
517 1409 555 1446 ἐκ
571 1425 591 1445 τ
593 1412 655 1457 ῆ,ς
677 1413 710 1446 Β
733 1409 780 1453 ἐξ.
841 1413 884 1450 81
908 1415 950 1447 21
974 1413 1001 1445 S
1018 1412 1310 1453 Κωνσταντῖνος,
1333 1390 1367 1444 Β
1386 1407 1406 1445 6
1429 1413 1618 1448 Κωνσταν-

186 1460 297 1495 τίνος.
373 1457 416 1490 83
438 1458 461 1491 3
484 1459 510 1490 S
526 1424 614 1512 δὴη
638 1458 671 1497 Β
697 1454 747 1490 δε.
817 1458 861 1492 84
885 1458 926 1490 19
953 1459 978 1490 8
1003 1453 1042 1490 δὲ
1064 1455 1146 1510 καὶ,
1170 1457 1202 1489 Β
1226 1455 1298 1490 καὶ.
1368 1457 1412 1490 90
1438 1458 1480 1492 13
1500 1459 1527 1491 8
1551 1455 1619 1493 τὸν,

186 1500 420 1543 Ἐλαιοῦντα,
442 1503 475 1537 Β
495 1500 564 1549 τὴν
582 1484 807 1540 Ἐλαιοῦντα.
876 1502 921 1535 90
949 1502 990 1535 18
1013 1503 1039 1534 S
1058 1483 1168 1540 ἄλλας
1186 1499 1369 1544 μηχανὰς,
1392 1502 1425 1535 Β
1441 1500 1618 1545 μηχανὰς.

187 1548 232 1582 99
257 1549 300 1588 16
322 1549 348 1581 8
363 1559 413 1587 τε,
436 1548 469 1584 Β
487 1545 539 1581 δὲ.
587 1549 651 1582 101
675 1547 696 1581 5
723 1548 748 1580 8
768 1544 915 1588 δέδωκε,
940 1547 969 1579 Β
989 1544 1149 1585 διέδωκε.
1198 1547 1262 1580 103
1286 1546 1328 1586 14
1348 1546 1374 1578 S
1392 1546 1527 1601 ταχέως
1543 1545 1620 1582 ἐπιτ

187 1586 356 1637 βήσεται,
381 1593 412 1624 Β
435 1591 581 1636 ταχέως.
628 1593 690 1626 105
716 1592 758 1626 14
779 1593 806 1626 S
825 1589 890 1636 μὲν
912 1588 953 1631 6,
976 1592 1008 1624 R
1026 1587 1058 1626 6.
1105 1592 1171 1626 106
1196 1591 1236 1624 15
1259 1591 1286 1624 S
1305 1587 1373 1634 οιῖιι
1394 1604 1460 1635 αν,
1484 1593 1516 1626 R
1537 1590 1618 1635 ου’κ,

189 1639 255 1672 106
277 1639 320 1671 20
342 1635 559 1682 8τῶδελφῷ,
575 1635 777 1691 Βαδελφῷ.
825 1604 891 1671 110
914 1638 956 1681 19
973 1633 1028 1669 S*
1011 1644 1098 1679 εχων
1116 1634 1180 1681 ἔτι,
1195 1634 1337 1680 Βέᾛχων
1385 1639 1449 1673 126
1470 1639 1516 1672 20
1532 1641 1618 1683 8τε,Ι

185 1682 219 1723 Β
247 1679 298 1716 δε
369 1684 432 1717 127
459 1685 502 1717 21
533 1687 559 1716 8
582 1670 884 1727 απογραφεσθαι,
920 1676 954 1714 Β
978 1661 1275 1724 ὑπογράφεσθαι.
1345 1683 1408 1716 128
1437 1684 1483 1717 22
1512 1683 1539 1716 S
1566 1694 1618 1726 τε,

184 1721 218 1760 Β
241 1724 292 1761 δε.
352 1728 416 1761 135
439 1730 461 1766 4
489 1728 516 1761 S
541 1724 580 1761 δε
594 1728 684 1780 και,
713 1729 746 1764 Β
768 1726 840 1761 καὶ.
899 1726 964 1761 146
986 1728 1029 1781 22
1055 1728 1082 1759 8
1104 1723 1290 1769 ἐνταῦθα,
1320 1727 1354 1760 Β
1377 1724 1542 1762 ἐνταῦθα
1566 1725 1618 1770 δε,

186 1772 253 1809 149
286 1773 328 1806 19
358 1774 386 1805 8
414 1754 732 1829 ἀπεργασαμενῖις,
765 1765 798 1806 Β
824 1769 1121 1852 ἐπερ1ρέασᾷμενος.
1191 1770 1256 1806 154
1287 1774 1341 1806 17
1361 1774 1388 1805 8
1415 1770 1474 1814 δὲ,
1509 1775 1543 1808 Β
1566 1784 1619 1814 τε,

167 1817 253 1856 -156
287 1817 329 1850 13
363 1818 390 1850 S
413 1829 460 1860 ην
487 1818 545 1860 δε,
591 1818 625 1851 Β
654 1813 700 1861 ἦν
725 1817 809 1872 γὰρ.
923 1818 944 1851 3
973 1818 994 1851 9
1027 1819 1052 1852 8
1078 1814 1257 1860 πολλοὺς
1295 1818 1327 1850 Β
1356 1816 1514 1858 πολλοὺς
1541 1829 1619 1861 μεν.

185 1862 252 1897 173
291 1863 331 1896 17
372 1863 398 1895 S
424 1840 473 1896 ἐκ
506 1861 591 1906 μὲν,
630 1863 663 1896 Β
697 1860 761 1906 μὲν
799 1860 849 1896 ἐκ.
919 1863 984 1896 173
1021 1864 1061 1897 18
1094 1862 1120 1895 8
1147 1842 1257 1900 πόλις
1277 1859 1339 1905 δὲ,
1377 1863 1411 1896 Β
1437 1861 1542 1902 πόλις
1565 1874 1616 1903 τε,

186 1907 253 1941 176
279 1907 321 1940 13
345 1908 372 1940 8
392 1909 461 1942 τοῦ
480 1908 645 1949 τοιοῦδε,
670 1908 700 1940 R
697 1874 880 1945 μτοιοῦδε.
927 1907 991 1942 185
1015 1908 1059 1941 22
1080 1908 1107 1940 8
1133 1904 1194 1951 δὲ,
1218 1907 1252 1940 Β
1274 1918 1325 1943 τε.
1372 1909 1437 1942 190
1459 1910 1499 1943 11
1522 1911 1550 1941 8
1567 1919 1619 1951 τε,

185 1952 218 1985 Β
247 1948 298 1985 δὲ.
372 1954 436 1988 190
468 1954 509 1987 16
537 1955 564 1986 8
593 1950 692 1996 οέπαγ
694 1950 841 1995 γελθὲν,
875 1952 908 1984 Β
932 1949 1162 1994 ἐπαγγελθεν.
1231 1952 1296 1985 192
1317 1954 1363 1986 20
1388 1954 1414 1985 8
1430 1964 1488 1989 τε
1511 1954 1543 1986 Β
1564 1952 1618 1995 δε,

183 1996 249 2034 194
275 1998 316 2030 16
339 1998 364 2031 8
383 1994 454 2038 ἐπὶ,
478 1999 510 2030 Β
528 1998 590 2036 εἰς.
639 1965 713 2035 195y
725 2000 747 2032 2
773 1978 981 2036 ἐκστάντας,
1006 1998 1037 2029 Β
1057 1994 1254 2036 ἐκστάντες.
1301 1997 1364 2030 199
1392 1998 1433 2031 16
1455 1998 1482 2030 8
1500 1996 1538 2031 ἐκ
1555 2009 1616 2031 πε

182 2042 369 2095 ριδρομῆς,
393 2043 426 2075 Β
444 2039 481 2075 ἐκ
500 2040 706 2085 ἐπιδρομῆς.
751 2043 816 2079 215
843 2043 885 2077 18
911 2043 937 2075 8
952 2038 1016 2083 μὲν
1037 2038 1123 2082 οἷπὸ,
1146 2042 1179 2074 Β
1200 2037 1288 2075 απὸ.
1335 2042 1403 2076 226
1427 2044 1469 2076 16
1492 2045 1518 2075 8
1539 2042 1618 2076 δια

180 2085 380 2130 χρήσηται,
415 2088 448 2121 Β
482 2086 724 2142 διαχρήσεται.
790 2087 856 2121 231
895 2085 918 2120 4
960 2086 986 2118 S
1015 2088 1279 2127 περιπεσεῖται,
1318 2086 1352 2119 Β
1383 2083 1616 2122 ἐπιπεσεῖται.

180 2132 249 2166 236
274 2133 315 2166 17
334 2133 360 2165 8
378 2134 457 2171 τοῖς
472 2131 673 2175 τοσούτοις,
691 2133 723 2165 Β
740 2128 942 2168 τοσούτοις.
990 2131 1056 2165 237
1078 2132 1100 2164 7
1115 2132 1141 2164 8
1152 2141 1201 2172 τε,
1218 2127 1313 2165 Βδε.
1359 2131 1424 2173 241
1451 2133 1491 2166 15
1508 2135 1535 2166 8
1548 2133 1616 2167 τοῦ

181 2174 320 2221 πότου,
356 2178 388 2210 Β
418 2174 547 2212 πότου.
600 2178 667 2212 243
701 2178 719 2214 1
751 2177 778 2210 8
803 2187 859 2214 τε
893 2176 926 2215 Β
952 2172 1002 2212 δὲ
1057 2175 1124 2210 245
1158 2156 1201 2210 18
1227 2178 1254 2209 8
1281 2175 1349 2209 τοῦ
1375 2177 1617 2220 θυηπολικοῦ,

182 2222 216 2255 Β
239 2223 483 2264 θυηπολικοῦ.
541 2223 609 2257 256
631 2224 653 2256 2
682 2222 708 2258 8
732 2232 789 2262 τε,
812 2221 846 2254 Β
866 2216 917 2253 δε.
978 2220 1045 2255 259
1069 2222 1112 2254 20
1142 2221 1168 2258 S
1187 2221 1231 2265 τῇ
1255 2219 1402 2278 Θράκῃ,
1422 2223 1456 2255 Β
1476 2221 1617 2276 Θράκῃ.

183 2267 250 2303 272
279 2268 301 2301 9
335 2268 362 2300 8
389 2278 447 2308 τε,
484 2268 516 2300 Β
546 2264 597 2301 δε.
660 2267 728 2302 284
752 2246 794 2300 16
817 2267 843 2299 S
865 2261 1177 2307 Ὀλυμπιόδωρος,
1201 2267 1233 2298 Β
1263 2264 1282 2299 6
1306 2247 1616 2310 Ολυμπιόδωρος.

184 2311 252 2346 287
276 2313 319 2345 10
339 2313 366 2344 8
385 2311 452 2345 τοῦ
471 2308 671 2354 Ῥωμαίων,
697 2312 729 2345 Β
750 2311 823 2344 τῶν
842 2307 1038 2362 Ῥωμαίων.
1090 2311 1159 2344 290
1181 2312 1223 2348 17
1244 2311 1271 2343 8
1287 2311 1352 2353 τῆς
1374 2312 1461 2353 τοῦ,
1482 2314 1515 2345 Β
1534 2313 1614 2349 τοῦ.

185 2356 252 2390 295
291 2357 314 2391 3
353 2357 379 2390 8
414 2354 631 2398 ἀπεσκόπει,
669 2357 701 2389 Β
743 2351 945 2389 οἷνεσκόπει.
1011 2356 1078 2408 296
1115 2356 1137 2388 6
1178 2357 1204 2391 8
1235 2358 1333 2397 τρεῖς
1357 2354 1418 2398 δε,
1451 2337 1484 2390 Β
1509 2360 1615 2400 τρεῖς.

185 2401 251 2435 301
279 2404 320 2436 13
342 2404 369 2435 8
385 2402 516 2445 πᾶσιν,
539 2403 571 2435 Β
590 2402 723 2437 πᾶσαν.
776 2401 842 2439 308
865 2400 887 2433 9
908 2402 934 2433 8
949 2410 986 2433 τε
1005 2397 1076 2440 οἱς,
1099 2400 1131 2432 Β
1149 2412 1210 2438 ως.
1263 2402 1332 2434 310
1356 2403 1399 2440 14
1419 2403 1446 2435 8
1461 2405 1615 2436 καταλα

187 2444 276 2490 βιόν,
298 2447 328 2479 Β
345 2445 478 2491 λαβών.
523 2448 590 2485 319
613 2447 633 2481 5
650 2447 677 2479 8
694 2445 759 2479 τοῦ
778 2443 1004 2487 λειπομένου,
1020 2446 1053 2478 Β
1069 2443 1294 2487 λειπομένου.
1339 2446 1405 2482 325
1430 2448 1472 2481 19
1493 2450 1518 2480 8
1536 2448 1615 2481 δια-

187 2490 424 2568 μιέρτόντων,
456 2492 501 2527 R
519 2489 855 2536 διαμαρτανόντων.
921 2490 989 2526 326
1017 2491 1061 2528 16
1090 2490 1118 2525 8
1144 2492 1226 2531 ταῖς
1252 2491 1434 2535 Αἰμιλίας,
1468 2493 1503 2527 Β
1534 2495 1616 2533 ταῖς

190 2538 218 2568 A
234 2538 379 2578 μιλίαις.
