1812 3016
273 37 372 91 280.
893 37 1087 85 ZOSIMI

272 149 411 192 οὐσίαν
431 152 532 209 τῷδε
554 151 838 208 παραδοθῆναι
859 149 1091 204 κελεύοντα,
1138 152 1207 193 καὶ
1225 145 1486 207 παρεδίὸοντο
1510 155 1594 201 τοῖς
1615 149 1715 206 ᾐτη-

272 217 384 260 κόσιν
405 219 443 261 οἶ
465 223 604 276 κλῆροι
624 221 777 262 παίδων
803 218 985 265 ἑστώτων
1003 221 1069 266 καὶ
1090 219 1185 269 τοὺς
1206 219 1380 274 πατέρας
1404 219 1507 272 μετὰ
1541 221 1716 273 οἰμωγῆς

272 285 616 340 ἀνακαλουμένων.
683 289 750 337 καὶ
781 285 917 338 ἁπλῶς
939 288 1053 330 οὐδὲν
1076 281 1125 341 ἦν
1147 286 1170 329 ὃ
1185 287 1243 340 μὴ
1265 284 1428 342 θρήνων
1449 284 1620 341 ἐπλήρου
1643 285 1716 335 τὰς

273 352 430 404 πόλεις,
477 356 594 399 παντὶ
624 359 703 399 τῶν
733 354 951 413 οἰκητόρων
983 356 1128 411 ἄλογον
1157 355 1300 408 ζημίαν
1325 351 1492 409 ἐπάγον·
1539 358 1611 396 τοῦ
1637 353 1714 409 γὰρ

271 420 553 474 βασιλεύοντος
579 421 756 476 ἐσχάτοις
779 424 1079 479 ἀνοηταίνοντος
1092 455 1105 475 ,
1150 420 1176 477 ἦ
1200 420 1327 478 τούτῳ
1348 425 1586 466 συνοικοῦσα
1615 421 1749 477 πέρα-’1

272 493 345 543 τῆς
378 487 535 546 φύσεως
567 490 862 546 αὖθαδιζομένη
875 524 887 543 ,
933 490 1188 544 πανταχόθεν
1218 507 1260 534 τε
1292 487 1489 543 εὐνούχων
1520 488 1718 548 ἀπληστία

274 558 339 598 καὶ
363 561 443 599 τῶν
465 559 554 614 περὶ
579 557 703 612 αὐτὴν
722 564 938 613 γυναικῶν,
971 559 1021 600 a?
1033 558 1209 612 μάλιστα
1232 555 1379 611 ταύτης
1404 555 1618 613 ἐκράτουν,
1651 557 1717 598 ἐκ·-

275 625 489 680 δεδομένη,
522 629 644 668 πᾶσιν
671 626 843 679 ἀβίωτον
873 629 1048 681 καθίστη
1073 626 1140 669 τὸν
1159 627 1273 679 βίον,
1309 624 1409 667 ὥστε
1431 622 1611 667 θανάτου
1635 629 1719 673 τοῖς

272 692 416 748 μέτρια
446 698 663 749 φρονοῦσιν
692 694 806 738 οὐδὲν
837 690 886 749 ἦν
920 693 1191 751 αἷρετώτερον.
1259 690 1314 742 ὡς
1333 692 1405 734 οὐκ
1427 690 1654 748 ἀρκούντων
1675 691 1719 733 δὲ

273 758 447 812 τούτων,
481 761 680 815 ἐπηνέχθη
700 766 750 817 τῇ
770 760 1188 806 Κωνσταντινουπόλει
1215 758 1348 814 πάσης
1374 758 1600 815 ὑπερβολῆς
1629 759 1719 801 ἔπε’-
1730 766 1775 801 10

273 844 382 868 κεινα
403 829 584 878 κίνδυνος
605 828 647 871 ἔκ
666 846 773 880 τινος
793 829 982 885 τοιαύτης
1004 822 1148 879 αἰτίας.
1213 826 1409 882 Ἰωάννης,
1443 822 1543 884 ᾗπερ
1567 827 1724 883 εἴρηταί

272 912 357 948 μοι,
391 895 494 948 μετὰ
515 896 587 950 τὴν
607 896 737 952 φυγὴν
761 898 994 942 ἐπανελθών
1011 899 1078 939 καὶ
1102 903 1185 946 τοῖς
1206 893 1420 949 συνήθεσιν
1446 896 1564 952 ῖεροῒς
1587 898 1721 947 σοβῶν

273 962 377 1006 κατὰ
396 968 468 1018 τῆς
487 966 697 1017 βασιλίδος
717 965 762 1007 τὸ
781 970 961 1019 πλῆθος,
1006 965 1140 1019 ἐπειδὴ
1171 966 1238 1007 καὶ
1263 967 1335 1010 τοῦ
1361 961 1515 1020 θρόνου
1539 967 1610 1016 τῆς
1634 963 1721 1005 ἐπι-

272 1035 426 1084 σκοπῆς
453 1029 560 1088 ἑώρα
591 1034 657 1073 καὶ
687 1037 759 1087 τῆς
786 1033 939 1084 πόλεως
969 1031 1113 1077 ἑαυτὸν
1143 1029 1443 1085 ἐξωθούμενον,
1497 1030 1619 1080 αὐτὸς
1647 1030 1722 1084 μὲν

131 1110 163 1137 a.
187 1101 256 1139 404
279 1099 441 1142 ἀπέλιπε
462 1099 535 1154 τὴν
558 1097 673 1144 πόλιν
693 1101 791 1151 νεὼς
811 1100 953 1157 ἐπιβάς
961 1133 973 1153 ,
1019 1101 1057 1144 οἱ
1078 1101 1121 1145 δὲ
1141 1098 1269 1156 τούτῳ
1292 1096 1601 1151 σπουὰάζοντες,
1639 1115 1721 1152 ,un-
1733 1105 1776 1143 15

276 1167 370 1208 ὖέιά
391 1167 493 1220 μετὰ
515 1171 657 1211 τοῦτον
683 1170 896 1212 ἐπίσκοπον
923 1168 1109 1224 γενέσθαι
1137 1172 1186 1224 τῇ
1205 1165 1316 1209 πόλει
1338 1164 1721 1224 πραγματευόμενοι,

275 1236 371 1290 πυρὶ
392 1235 464 1288 τὴν
482 1233 596 1276 πόλιν
616 1235 790 1290 ἔγνωσαν
811 1238 1016 1281 ἀπολέσαι.
1050 1235 1190 1294 λάθρᾳ
1210 1236 1342 1278 τοίνυν
1361 1233 1492 1291 φλόγα
1511 1239 1562 1291 τῇ
1581 1236 1724 1288 ἐκκλη-

276 1303 345 1359 σίιιι
366 1302 508 1351 νυκτὸς
530 1302 790 1356 ἐμβαλόντες,
834 1307 900 1348 καὶ
932 1306 1020 1361 περὶ
1041 1304 1110 1346 τὸν
1131 1303 1285 1359 ὄρθρον
1304 1302 1382 1353 ἔξω
1405 1301 1724 1356 καταστήσαντες

278 1367 459 1420 ἑαυτούς,
483 1371 551 1411 καὶ
573 1369 701 1428 τούτῳ
723 1370 918 1422 λαθόντες
937 1374 978 1413 οἵ
995 1372 1096 1421 τινές
1114 1387 1208 1412 ποτε
1230 1369 1317 1422 εἷεν,
1346 1368 1500 1426 ἡμέρας
1516 1369 1725 1425 γενομένης

278 1435 455 1489 ἐσχάτως
479 1436 556 1492 ἤδη
586 1438 658 1492 τὴν
689 1437 803 1484 πόλιν
831 1438 979 1485 ἅπασιν
1005 1439 1157 1490 ἔδειξαν
1177 1436 1503 1485 κινδυνεύουσαν·
1537 1435 1563 1493 ἣ
1583 1454 1623 1484 τε
1645 1436 1781 1493 ydem

277 1504 464 1558 ἐκκλησία
488 1507 746 1562 κατεφλὲγετο
766 1511 903 1560 πᾶσα,
938 1509 1236 1551 συνεδαπανᾶτο
1262 1506 1305 1548 δὲ
1325 1504 1451 1562 ταύτῃ
1472 1506 1538 1547 καὶ
1559 1505 1611 1547 τὰ
1633 1502 1725 1558 ἐχό-

276 1589 378 1625 μενα
399 1576 479 1614 τῶν
503 1573 847 1628 οἰκοδομημάτων,
875 1577 940 1617 καὶ
958 1574 1135 1628 μάλιστα
1152 1573 1262 1623 ὅσοις
1281 1573 1325 1618 τὸ
1347 1578 1426 1629 πῦρ
1449 1574 1589 1628 ἐπῆγεν
1610 1569 1726 1626 ἢτοῦ

278 1641 487 1694 γενομένου
518 1640 743 1695 πνεύματος
762 1644 953 1698 καταιγίς.
1016 1643 1175 1684 ἐνέπεσε
1210 1642 1253 1682 δὲ
1285 1641 1330 1683 τὸ
1361 1646 1439 1696 πῦρ
1471 1642 1536 1682 καὶ
1571 1642 1626 1689 εἷς
1657 1639 1726 1683 τὸν

280 1705 456 1752 εἰωθότα
479 1708 670 1761 δέχεσθαι
689 1710 761 1765 τὴν
780 1712 988 1767 γερουσίαν
1011 1708 1117 1753 οἷκον
1126 1741 1140 1762 ,
1186 1708 1263 1766 πρὸ
1283 1712 1362 1754 τῶν
1378 1709 1593 1765 βασιλείων
1615 1706 1724 1758 ὄντα,

279 1812 351 1845 dari
366 1813 554 1848 iubebatur.
600 1816 694 1848 simul
710 1816 933 1850 haereditates
949 1816 1012 1850 illis
1029 1816 1192 1850 cedebant
1206 1815 1263 1860 qui
1279 1815 1403 1849 oblatis
1417 1814 1556 1860 principi
1570 1813 1726 1860 precibus

281 1869 336 1891 eas
353 1858 569 1893 obtinuerant
579 1887 588 1903 ‚
621 1861 829 1895 adstantibus
843 1862 971 1894 interim
987 1861 1103 1895 liberis
1115 1887 1126 1902 ,
1156 1865 1191 1894 et
1206 1866 1362 1903 parentes
1377 1872 1450 1894 cum
1465 1860 1590 1904 gemitu
1605 1858 1726 1902 implo-

281 1903 446 1937 rantibus.
495 1905 540 1938 ad
555 1916 712 1939 summam
728 1907 807 1940 nihil
823 1908 987 1950 agebatur
997 1933 1007 1948 ‚
1032 1907 1121 1950 quod
1138 1906 1262 1951 oppida
1275 1906 1426 1941 lamentis
1441 1916 1506 1938 non
1519 1905 1676 1949 impleret
1690 1907 1727 1936 et

282 1947 386 1981 cuivis
405 1948 559 1994 municipi
583 1951 814 1986 detrimentum
842 1952 1000 1985 nefarium
1024 1963 1090 1988 non
1115 1952 1266 1985 inferret.
1311 1962 1385 1987 nam
1405 1961 1478 1985 cum
1493 1949 1650 1994 princeps
1665 1959 1727 1982 ex-

282 1998 390 2025 treme
405 1993 548 2027 stolidus
565 2000 664 2035 esset,
684 1997 805 2030 coniux
818 1997 888 2031 eius
903 2008 1006 2041 supra
1020 2008 1135 2031 sexum
1151 2007 1311 2039 arrogans
1325 2000 1361 2029 et
1376 1995 1522 2038 undique
1535 1999 1604 2029 tam
1621 2004 1726 2030 eunu-

283 2037 421 2070 chorum
436 2049 534 2081 quam
550 2041 758 2076 familiarium
777 2042 839 2075 sibi
854 2042 1131 2084 muliercularum,
1154 2052 1240 2085 quae
1258 2041 1399 2074 maxime
1412 2039 1490 2075 huic
1506 2039 1725 2084 imperabant,

282 2081 462 2115 insatiabili
484 2084 647 2118 avaritiae
670 2087 843 2130 exposita,
875 2087 977 2120 vitam
994 2087 1145 2121 omnibus
1158 2086 1311 2119 acerbam
1327 2085 1418 2120 victu
1433 2084 1618 2125 reddebat,
1641 2083 1726 2118 adeo

285 2126 416 2170 quidem
433 2134 472 2161 ut
485 2129 643 2163 modestis
658 2131 841 2164 hominibus
858 2138 963 2165 morte
978 2132 1056 2165 nihil
1071 2135 1162 2165 esset
1177 2129 1366 2175 optabilius.
1421 2134 1457 2163 et
1481 2129 1575 2173 quasi
1597 2129 1625 2163 si
1642 2129 1728 2163 haec

286 2183 354 2205 non
368 2172 565 2206 sufficerent
576 2198 588 2214 ‚
610 2174 708 2218 Cpoli
725 2176 904 2220 periculum
920 2177 1040 2222 quovis
1055 2176 1250 2220 gravissimo
1267 2175 1369 2209 maius
1382 2186 1424 2209 ex
1440 2173 1627 2210 huiusmodi
1642 2184 1726 2218 qua-

287 2217 363 2251 dam
379 2228 481 2252 causa
495 2224 642 2252 creatum
659 2220 731 2255 fuit.
769 2222 922 2262 Ioannes,
947 2223 995 2255 uti
1010 2222 1162 2261 diximus,
1185 2224 1262 2264 post
1277 2219 1407 2254 exilium
1421 2230 1580 2253 reversus
1594 2223 1629 2252 et
1643 2229 1727 2254 oon-

287 2262 394 2296 suetis
408 2262 510 2296 sacris
529 2264 658 2306 plebem
673 2265 833 2299 adversus
845 2267 1029 2310 Augustam
1045 2277 1266 2306 commovens,
1280 2275 1353 2307 cum
1369 2270 1404 2299 et
1419 2265 1628 2310 episcopatus
1642 2263 1726 2298 solio

289 2312 325 2340 et
339 2308 424 2341 urbe
438 2319 477 2341 se
491 2308 622 2342 videret
636 2310 777 2354 expelli,
811 2312 888 2344 navi
915 2323 1095 2345 conscensa
1116 2312 1159 2344 ab
1181 2311 1264 2344 urbe
1291 2309 1454 2343 discessit.
1498 2314 1534 2344 at
1560 2311 1729 2354 quotquot

289 2352 386 2386 huius
401 2353 541 2386 studiosi
556 2358 668 2397 erant,
704 2354 779 2388 dum
795 2356 859 2388 hoc
875 2362 981 2399 agunt
996 2362 1034 2390 ut
1047 2361 1126 2401 post
1140 2367 1214 2390 eum
1229 2355 1337 2388 nullus
1350 2355 1384 2388 in
1401 2356 1482 2388 urbe
1497 2354 1729 2398 designaretur

290 2397 479 2442 episcopus,
498 2399 610 2432 urbem
626 2399 693 2442 igni
708 2399 909 2444 perdendam
923 2406 1083 2435 statuunt.
1129 2401 1212 2435 clam
1226 2401 1330 2444 igitur
1345 2400 1507 2433 ecclesiae
1522 2399 1652 2435 flamma
1666 2409 1727 2443 per

290 2447 422 2476 noctem
435 2443 569 2485 iniecta,
585 2444 742 2488 circaque
755 2445 932 2481 diluculum
949 2451 1045 2480 extra
1060 2457 1133 2481 eam
1148 2444 1331 2490 progressi,
1342 2456 1415 2479 cum
1430 2445 1494 2480 hoc
1507 2445 1581 2489 ipso
1596 2444 1727 2488 quinam

293 2490 406 2521 essent
418 2487 649 2531 ignoraretur,
678 2494 753 2523 orto
777 2489 830 2523 die
849 2491 978 2524 cunctis
999 2493 1112 2525 urbem
1131 2498 1280 2524 extremo
1309 2494 1497 2524 versantem
1521 2490 1554 2523 in
1577 2487 1727 2534 periculo

292 2533 509 2577 spectandam
527 2533 695 2569 exhibent.
741 2546 813 2568 nam
831 2540 866 2568 et
882 2535 1021 2569 ecclesia
1035 2541 1109 2569 tota
1123 2535 1373 2578 conflagrabat,
1396 2539 1432 2568 et
1448 2533 1600 2569 aedificia
1618 2533 1727 2567 conti-

291 2588 359 2619 gua
386 2589 459 2612 cum
485 2590 526 2612 ea
548 2579 644 2613 simul
668 2580 945 2620 absumebantur,
978 2581 1174 2623 praesertim
1198 2580 1318 2624 quibus
1343 2580 1455 2614 oborti
1471 2578 1565 2613 venti
1580 2578 1729 2623 procella

293 2622 454 2658 flammam
466 2623 646 2659 inferebat.
692 2625 788 2659 irruit
809 2625 896 2668 ignis
920 2629 954 2658 et
978 2625 1069 2658 illam
1094 2626 1127 2659 in
1151 2626 1301 2665 domum,
1332 2625 1366 2658 in
1382 2636 1449 2669 qua
1461 2628 1598 2658 senatus
1612 2623 1731 2657 haberi

292 2665 435 2703 solebat.
489 2680 530 2704 ea
544 2669 662 2705 domus
677 2674 756 2706 ante
770 2671 929 2717 palatium
942 2669 1008 2705 sita
1023 2675 1114 2714 erat,
1137 2671 1180 2706 ad
1194 2681 1323 2705 omnem
1339 2669 1535 2716 elegantiam
1549 2673 1585 2704 ct
1599 2667 1730 2714 mgni-

1210 2774 1225 2789 Χ
