1812 3016
241 69 337 119 374
779 30 1138 119 REITE'MEIERI

351 193 393 232 p·
417 175 551 223 139³v.
568 182 636 222 21.
693 182 902 234 γερουσίαν
919 181 1029 234 ἔχειν.
1085 182 1120 219 si
1139 193 1186 219 ea
1202 180 1321 219 verba
1337 180 1379 218 in
1395 180 1498 219 han‘c
1516 188 1677 219 senten-

240 239 338 277 tiam
366 237 469 276 dicta
495 245 605 286 sunt,
636 251 658 275 a
687 239 839 276 Iuliano
868 238 1029 276 demum
1049 239 1111 276 ius
1129 244 1286 278 senatus
1302 238 1390 276 urbi
1407 239 1519 290 cpoli
1540 238 1676 276 datum

242 308 348 343 esse,
377 295 420 330 iu
452 306 579 331 errore
608 296 787 332 Zosimus
817 301 994 333 versatur
1023 295 1254 342 manifesto,
1280 295 1466 346 quoniam
1492 293 1534 331 id
1558 293 1676 353 longe

242 358 332 388 aute
361 363 383 387 a
411 350 663 390 Constantino
692 351 841 388 factum
870 358 951 388 erat
979 350 1228 402 (Mamertin.
1248 350 1396 400 Paneg.
1415 349 1491 396 24,
1521 350 1679 388 Sozom.

201 427 206 437 ι
241 409 268 447 8
297 409 343 455 3,
372 407 571 443 Ammiau.
600 409 655 447 22
682 409 708 447 9
737 407 794 443 ibi
826 405 1047 458 Valesius).
1108 405 1179 444 sed
1203 406 1323 444 verba
1340 418 1421 445 non
1437 408 1570 444 minus
1592 419 1680 444 eam

243 463 326 499 vim
351 460 497 499 habere
521 469 705 512 possunt,
736 463 1015 514 amplificatam
1039 469 1264 501 senatorum
1282 475 1305 499 a
1324 462 1476 500 Iuliano
1507 461 1681 513 dignita-

242 525 324 555 tem
347 531 453 565 esse,
484 525 551 555 aut
576 531 724 555 novum
751 520 835 556 eius
860 519 1040 557 ordinem
1068 520 1310 565 institutum3
1340 519 1482 556 saltem
1503 525 1682 556 senatum

241 573 404 613 secundi
422 573 568 613 ordinis
585 574 641 611 ibi
658 575 778 612 fuisse
796 577 837 613 in
855 577 1001 613 Valesii
1015 577 1224 629 Anonymo
1239 575 1422 624 legimus.
1453 574 1503 612 cf.
1516 572 1680 612 Godofr.

240 629 295 667 ad
314 631 343 667 1.
363 633 387 671 3
407 643 439 667 c.
458 628 538 669 Th.
567 629 616 667 de
642 632 898 669 senatoribus.
928 632 1118 671 Ritterus.
1180 629 1231 667 ad
1256 629 1362 668 hunc
1386 631 1518 667 looum
1546 629 1681 667 laudat

243 687 396 727 Corum.
417 684 467 722 ad
485 687 512 722 l.
526 689 550 726 3
570 687 685 723 Corn.
708 685 756 723 de
776 688 887 724 sicar.
904 700 1014 724 num.
1026 689 1052 727 9
1074 694 1112 723 et
1126 686 1182 723 ibi
1192 685 1336 726 Ghron.
1347 685 1563 725 Alexandr.
1573 687 1602 724 l.
1613 686 1680 728 50.

242 740 292 782 de
313 741 554 779 decurionib.
574 748 613 778 et
630 743 781 781 Comm.
802 741 852 780 ad
870 743 899 782 l.
920 755 989 780 un.
1008 741 1056 779 de
1076 744 1160 779 iure
1180 743 1270 780 Ital.

348 811 390 852 p·
410 795 489 840 140
511 810 550 837 v·
570 801 611 841 2·
669 794 948 850 βιβλιοθήκην.
1007 799 1057 838 cf.
1079 797 1275 836 Themist.
1300 800 1367 846 68,
1400 800 1450 839 13
1477 810 1518 850 Ρ.
1540 799 1636 840 809.

352 853 406 889 ib.
431 866 470 891 v.
492 855 531 893 6.
590 852 638 889 de
659 855 813 892 Victore
833 853 913 892 vid.
935 855 1170 905 Prosopogr.
1190 867 1225 894 c.
1243 851 1326 897 Th.

243 943 246 946 .
355 907 410 948 ib.
434 921 472 947 v.
491 911 531 949 7.
589 910 738 947 itineris
774 912 967 950 rationem
990 923 1146 949 summa
1176 917 1215 948 et
1245 921 1337 949 outa
1363 915 1403 946 et
1429 907 1507 946 fide
1535 907 1683 946 descri-

242 971 356 1016 ptam
378 963 570 1001 habemus
589 966 630 1002 in
651 967 859 1004 Ammiano
878 967 947 1006 lib.
968 969 1036 1007 22.

356 1020 409 1058 ib.
432 1034 471 1059 v.
495 1023 558 1062 17.
615 1022 914 1073 Misopogonem
935 1022 1041 1070 dicit,
1067 1028 1239 1073 satyram
1253 1017 1295 1060 in
1313 1018 1591 1067 Antiochenos,
1614 1020 1685 1071 qui

245 1077 295 1114 ob
315 1076 478 1114 barbam
499 1077 535 1112 ei
547 1077 759 1126 irriserant,
780 1080 1049 1129 compositam,
1070 1079 1112 1116 in
1131 1091 1222 1129 qua,
1242 1084 1286 1114 ut
1301 1078 1533 1117 Ammianus
1547 1079 1602 1116 22
1632 1075 1685 1115 14

245 1133 385 1180 sentit,
415 1133 556 1182 probra
581 1135 748 1173 civitatis
768 1135 923 1174 infensa
940 1142 1073 1174 mente
1093 1133 1335 1182 dinumerat,
1365 1131 1552 1185 additque
1578 1132 1686 1172 veri-

245 1189 316 1227 tati
344 1189 558 1241 complura·

357 1243 410 1284 ib.
433 1257 470 1282 v.
490 1245 559 1285 21.
615 1245 803 1292 Libanius
828 1243 877 1283 de
898 1245 1006 1285 varia
1023 1251 1248 1283 senatorum
1266 1244 1422 1282 fortuna
1439 1243 1586 1296 passim
1604 1240 1687 1280 dis-

246 1313 401 1347 serens,
432 1312 454 1335 a
479 1299 731 1339 Constantino
752 1303 806 1340 ait
825 1300 1095 1340 condicionem
1113 1314 1249 1338 eorum
1267 1314 1358 1340 cum
1378 1301 1421 1337 in
1440 1300 1528 1337 aliis
1548 1300 1688 1336 eivita-

247 1355 353 1392 tibus
376 1363 462 1391 tum
484 1356 526 1390 in
547 1367 594 1391 ea
617 1368 735 1407 quam
753 1358 837 1407 ipse
856 1356 1102 1404 condiderat,
1132 1356 1367 1394 deteriorem
1388 1356 1553 1402 factam,
1584 1361 1623 1392 et
1643 1354 1687 1391 iu

246 1411 352 1449 bello
382 1411 540 1447 Persico
573 1424 638 1448 eos
665 1414 798 1461 gravia
830 1425 1035 1465 perpessos
1064 1413 1192 1460 mala,
1222 1425 1310 1450 cum
1339 1409 1391 1448 ad
1413 1413 1688 1449 necessitatem

247 1463 446 1503 vendendi
472 1466 575 1502 bona
600 1467 748 1504 redacti
773 1469 959 1516 fuissent,
988 1468 1060 1506 sub
1082 1469 1256 1515 Iuliano,
1288 1469 1398 1505 cuius
1418 1465 1592 1505 studium
1615 1463 1688 1502 ad-

248 1520 411 1558 iuvandi
439 1528 619 1559 senatum
650 1525 811 1575 eiusque
833 1523 1064 1574 dignitatem
1082 1522 1323 1562 restaurandi
1342 1525 1518 1561 maxime
1539 1520 1688 1569 laudat,

248 1577 488 1628 magnopere
515 1577 637 1615 fuisse
667 1581 879 1617 restitutos.
938 1593 983 1616 eo
1006 1586 1138 1616 autem
1159 1580 1496 1631 mortuo'pristina
1520 1591 1587 1616 eos
1605 1578 1689 1614 for-

250 1640 344 1670 tuna
365 1640 403 1669 et
422 1632 598 1671 condicio
615 1635 720 1674 mala
739 1637 911 1688 exoepit,
938 1636 1028 1687 quia
1046 1636 1116 1674 lex
1135 1636 1327 1683 salutaris,
1358 1647 1479 1687 quam
1497 1635 1539 1675 in
1554 1646 1691 1673 eorum

249 1690 416 1738 gratiam
445 1696 649 1738 sanxerat,
680 1687 851 1738 πάντας,
883 1686 942 1730 ὦν
969 1691 1011 1731 οἷ
1032 1689 1191 1732 πάπποι
1213 1692 1441 1743 βουλευταί,
1475 1690 1558 1730 δεῖν
1579 1690 1623 1731 δν
1640 1691 1692 1744 τῇ

249 1746 380 1800 βουλῇ
397 1740 605 1796 τετάχθαι,
635 1742 712 1787 κᾶν
732 1742 806 1787 αἷσι
826 1748 1083 1800 θυγατριδαῖ,
1111 1749 1154 1787 iu
1178 1745 1476 1785 desuetudinem
1496 1746 1606 1786 abiit.

356 1809 419 1851 vib.
479 1810 560 1852 vid.
577 1813 607 1852 l·
627 1813 679 1855 51
702 1827 736 1851 c.
752 1812 833 1854 Th.
854 1813 902 1852 de
925 1813 1165 1855 decurionib.
1223 1814 1274 1852 cf.
1301 1814 1454 1854 Comm‘.
1477 1814 1508 1853 1.
1529 1812 1584 1858 54
1601 1810 1691 1852 eod.

251 1867 314 1904 tit.
371 1867 514 1907 Ritter.

362 1945 403 1982 p-
428 1932 505 1972 141
533 1947 572 1973 v.
594 1933 634 1975 5.
691 1937 833 1976 Iuliani
852 1938 894 1974 in
915 1937 1092 1973 Persiam
1108 1936 1183 1974 iter
1201 1936 1249 1972 ab
1265 1935 1496 1983 AmmIano,
1526 1936 1596 1986 qui
1615 1947 1690 1971 ex-

251 1986 444 2040 peditioni
461 1990 538 2038 ipsi
555 1991 753 2039 interfuit,
784 1999 822 2030 et
844 2006 865 2030 a
885 1994 1042 2029 Zosimo
1064 1993 1313 2032 exactissime
1330 1990 1570 2030 delineatum
1592 1991 1691 2029 sori.—

253 2044 565 2140 ἒῑοίυἱὶὲἱέῗιηῖ
599 2045 850 2087 (ΖἈηνίἰίίιιε
881 2049 1070 2097 illustrat,
1100 2042 1336 2101 I’Euplzrate
1365 2053 1403 2086 et
1431 2047 1468 2085 le
1506 2047 1639 2098 Tigre,
1668 2045 1691 2082 ἐι

289 2112 330 2135 ar
346 2112 365 2136 s
494 2128 504 2147 ,
564 2127 574 2140 .

369 2165 422 2203 ih.
442 2179 480 2203 v.
499 2169 538 2207 6.
597 2180 754 2205 oausam
781 2170 1032 2208 ecelesiastici
1062 2171 1268 2220 scriptores
1296 2175 1522 2218 exponunt,
1551 2173 1594 2205 ut
1614 2167 1692 2206 So·-

257 2228 380 2259 orates
410 2224 434 2261 3
465 2223 667 2270 16—18,
710 2224 917 2263 sozomen.
949 2225 974 2267 5
1010 2228 1074 2268 18.
1109 2225 1253 2263 cellar,
1311 2226 1487 2264 Iulianus
1517 2236 1607 2261 oum
1636 2224 1693 2260 si-

257 2278 477 2316 mulacrum
503 2279 720 2328 Apollinis,
752 2280 858 2330 quod
878 2283 919 2318 in
939 2282 1123 2320 suburbio
1143 2278 1374 2320 Antiochiae
1395 2287 1502 2328 erat,
1532 2278 1694 2319 adiisset

257 2335 610 2386 interrogassetque
628 2337 837 2384 nonnulla,
872 2350 1103 2388 responsum
1122 2350 1202 2376 nou
1221 2338 1383 2386 accepit.

371 2399 424 2437 ib.
451 2413 490 2439 v.
508 2403 548 2442 7.
605 2402 806 2452 Hierapoli
829 2404 1021 2442 scribebat
1046 2405 1219 2442 Iulianus
1244 2401 1295 2439 a'd
1317 2403 1528 2442 Libanlum
1545 2414 1608 2452 ep.
1623 2402 1692 2448 27,

259 2457 300 2493 in
320 2468 397 2508 qua
417 2454 465 2493 de
485 2458 660 2496 exercitu
674 2458 838 2495 navibus
859 2467 1078 2498 commeatu
1094 2460 1281 2511 loquitur.
1338 2458 1559 2495 Remmius.

372 2521 426 2560 ih.
459 2536 498 2562 v.
527 2524 593 2567 12.
649 2525 797 2561 Batnae
830 2525 1020 2576 oppidum
1050 2525 1242 2577 Euphrati
1270 2526 1463 2572 vicinum,
1506 2521 1693 2560 Macedo,

261 2584 357 2615 num
387 2591 497 2631 opus.
554 2581 750 2619 Ammian.
784 2578 834 2620 14
863 2580 889 2620 9
918 2595 941 2618 a
966 2583 1116 2620 Iuliano
1146 2582 1283 2634 (epist.
1308 2579 1385 2630 27)
1415 2592 1505 2616 cum
1526 2576 1693 2627 Daphne

262 2632 492 2727 {nltliochiae
523 2642 561 2675 et
588 2637 742 2691 Tempe
760 2634 1002 2679 Thessalicis
1020 2645 1180 2694 propter
1198 2637 1475 2678 amoenitatem
1493 2634 1694 2675 collatum.

300 2702 318 2724 θ
351 2703 411 2730 ar.
