1774 3002
572 111 573 114 ’
599 106 959 171 msomsmo.
1135 100 1148 113 '
1372 109 1504 159 xxxxi

56 250 313 292 mamus,
340 233 540 295 siquidem
565 239 610 278 in
640 237 934 279 Commentario
955 234 1143 275 historico
1160 234 1268 285 loca,
1298 247 1401 290 quae
1420 238 1505 279 sive

55 313 170 352 nulla
178 313 274 350 sive
288 310 423 364 aliqua
439 310 536 348 iuris
553 309 684 361 specie
704 309 746 346 in
765 307 1031 359 suspicionem
1049 302 1219 343 adducta
1235 311 1327 343 sunt
1345 313 1413 346 aut
1431 306 1507 347 ad'-

58 379 153 420 duci
164 385 343 432 possunt,
372 379 446 417 sub
465 390 635 415 examen
651 377 880 414 vocavimus
898 381 938 413 et
954 373 1004 412 de
1019 373 1338 413 criminationum
1354 377 1395 414 vi
1413 389 1509 415 sen-

58 449 225 488 canuam
238 453 418 485 notum
434 446 798 499 pronuntiavimus,
829 442 879 481 de
894 443 1052 482 silentio
1070 442 1238 480 aliorum
1257 437 1507 488 scriptorum,

58 517 103 555 in
121 528 202 569 quo
219 512 330 553 haud
346 516 539 566 exiguum
556 515 638 552 suis
657 513 873 552 rationibus
891 511 1183 550 firmamentum
1202 509 1375 562 positum
1395 512 1435 544 et
1459 502 1512 542 ad

59 584 376 623 criminationem
403 583 555 620 Zosimi
581 582 678 620 satis
705 593 793 618 acre
822 580 948 618 telum
976 579 1052 617 sibi
1077 577 1214 616 datum
1243 583 1406 630 putant,
1431 573 1511 613 hoc

60 658 218 692 tuntum
234 649 365 689 dicere
382 651 512 699 noent,
540 651 702 688 omnino
720 648 770 687 ad
789 645 1101 701 oppugnandum
1116 648 1323 685 Zosimum
1343 658 1366 683 a
1373 644 1514 683 silen-

61 721 120 760 tio
137 721 330 759 rationem
350 717 538 756 idoneam
557 725 645 756 tum
662 718 949 770 sappetituram
966 716 1089 754 fuisse
1102 745 1114 764 ,
1143 715 1179 754 si
1205 716 1414 767 scriptores
1436 724 1515 750 no-

62 789 129 827 bis
150 792 402 840 superessent
416 788 447 825 ii
465 799 488 825 a
509 787 653 840 quibus
673 798 808 823 earum
829 797 963 822 rerum
982 784 1154 822 narratio
1175 781 1396 834 exspectari
1416 793 1513 833 pos-

63 862 151 906 set3
173 857 211 895 si
231 855 456 904 Ammiani,
486 853 658 893 hominis
684 860 723 892 et
749 853 978 906 peritissimi
1003 858 1042 890 et
1066 850 1144 889 fide
1169 849 1414 902 dignissimi,
1443 845 1513 885 hi-

64 926 229 964 storiam
244 930 284 963 et
301 925 496 975 integram
515 930 555 961 et
570 924 674 961 ultra
692 919 913 960 Theodosii
932 928 1112 973 tempora·
1135 917 1367 971 perductam
1386 915 1515 954 habe-

65 997 214 1031 remus.
269 1003 361 1030 cum
382 1002 477 1029 vem
503 997 613 1029 tanta
638 992 690 1029 sit
714 988 990 1028 historicorum
1009 1001 1062 1026 ex
1078 988 1159 1026 illis
1177 985 1421 1039 temporibus
1440 997 1516 1036 pe-

65 1060 200 1109 amin,
227 1059 407 1098 mxime
426 1071 564 1097 eorum
580 1060 649 1111 qui
664 1072 726 1096 res
744 1065 877 1109 gestas
899 1070 923 1095 a
944 1055 1200 1096 Constantino
1224 1062 1264 1093 et
1285 1051 1516 1093 Theodosio

68 1140 162 1166 cum
185 1125 266 1165 fide
292 1139 340 1165 ac
367 1125 579 1178 diligenter
596 1124 853 1174 tradiderint,
881 1126 951 1177 qui
969 1123 1132 1162 tandem
1150 1130 1242 1162 sunt
1262 1124 1293 1160 ii
1310 1123 1520 1173 scriptores

69 1193 124 1233 ad
151 1207 252 1248 quos
278 1207 492 1246 provocare
520 1205 768 1246 quorumque
796 1193 1025 1230 auctoritate
1047 1191 1168 1230 fidem
1189 1191 1341 1229 Zosimi
1359 1188 1523 1227 convel-

70 1262 155 1301 lere
170 1262 285 1300 nobis
300 1260 445 1300 liceat?
474 1260 527 1298 ad
540 1261 777 1315 Eutropium
795 1266 835 1297 et
849 1261 1071 1309 Victorem,
1104 1260 1173 1312 qui
1190 1259 1385 1296 breviaria
1400 1253 1524 1294 modo

71 1327 342 1382 wip-erunt?
379 1341 477 1366 num
504 1326 556 1365 ad
585 1326 898 1366 Christianorum
924 1325 1152 1376 historicos,
1181 1326 1364 1378 inprimis
1393 1325 1526 1362 Euse-

71 1398 207 1447 bium,
248 1397 319 1450 qui
345 1397 420 1434 etsi
451 1394 582 1434 studio
610 1409 704 1434 vera
726 1394 911 1434 tradendi
940 1397 1036 1434 satis
1068 1401 1199 1433 essent
1228 1393 1395 1441 imbuti,
1442 1403 1527 1429 non

73 1463 195 1505 modo
225 1463 477 1516 disciplinam
502 1464 561 1501 rei
584 1464 767 1516 publicae
788 1470 828 1502 et
851 1476 1012 1502 causam
1028 1463 1187 1515 imperii
1205 1468 1273 1499 aut
1291 1473 1433 1514 parum
1457 1472 1528 1497 co-

74 1532 316 1586 gnoscebant
341 1538 409 1568 aut
434 1544 593 1582 prorsus
620 1531 877 1583 ignorabant,
908 1531 958 1569 ab
985 1530 1274 1583 hominumque
1307 1543 1382 1568 usu
1410 1535 1451 1566 et
1476 1528 1528 1565 iis

75 1613 179 1654 quae
205 1611 292 1637 rem
313 1598 515 1650 publicam
535 1599 789 1637 continebant
810 1606 921 1636 erant
939 1599 1059 1636 alieni
1071 1628 1082 1647 ‚
1112 1597 1184 1637 sed
1202 1599 1322 1635 etiam
1340 1595 1528 1634 historias

55 1717 58 1720 y
77 1667 299 1707 scribebant
325 1667 370 1704 in
400 1666 546 1718 quihus
571 1679 644 1718 pro
663 1668 833 1705 instituti
850 1667 1001 1704 ratione
1018 1667 1076 1704 rei
1094 1666 1379 1703 ecclesiasticae
1396 1664 1528 1715 potius

78 1748 200 1789 quam
219 1735 403 1772 militaris
422 1741 462 1771 et
482 1734 609 1772 civilis
630 1747 764 1772 curam
789 1732 937 1772 habere
960 1747 1027 1772 eos
1046 1733 1271 1785 oportebat,
1300 1733 1427 1771 veluti
1451 1731 1530 1769 So-

79 1809 250 1850 cratem,
277 1801 566 1850 Sozomenum,
596 1800 916 1851 Theodoretum,
944 1798 1284 1852 Philostorgium‘!
1340 1812 1530 1838 nonnun-

81 1882 204 1924 quam
223 1869 432 1920 scriptores
450 1866 546 1905 dicti
561 1881 643 1906 non
661 1869 851 1919 abrogant
870 1870 1029 1907 Zosimo
1046 1868 1179 1917 fidem,
1208 1867 1280 1906 sed
1298 1867 1530 1906 confirmant

82 1938 150 1976 vel
177 1938 221 1974 in
249 1937 346 1988 ipsis
378 1936 475 1974 locis
502 1948 557 1974 ex
583 1936 727 1988 quibus
753 1943 978 1989 suspectam
1004 1943 1044 1975 et
1070 1943 1361 1975 controversam
1378 1935 1531 1973 Zosimi

81 2002 203 2043 fidem
219 2004 289 2042 alii
306 2004 472 2042 faciunt.

194 2073 243 2110 In
255 2069 420 2110 historia
434 2073 557 2123 igitur
565 2071 715 2110 Zosimi
731 2071 766 2110 si
782 2071 877 2110 vitia
897 2069 1095 2125 quaedam
1111 2073 1327 2125 exceperis,
1347 2084 1449 2125 quae
1466 2071 1534 2109 vel

85 2139 286 2191 scriptoris
320 2140 473 2177 incuria
509 2140 576 2177 vel
608 2139 859 2177 librariorum
890 2138 1068 2178 socordia
1100 2140 1145 2177 in
1175 2153 1266 2178 eam
1291 2141 1533 2192 irrepserunt

86 2208 203 2260 (nam
222 2213 262 2244 et
276 2207 326 2244 ab
345 2205 423 2245 hac
438 2209 563 2260 repeti
580 2221 696 2259 posse
710 2208 798 2245 loca
814 2208 1008 2245 nonnulla
1026 2207 1182 2246 turbata
1201 2209 1392 2260 suspicari
1409 2205 1537 2257 licet),

13 2310 19 2313 .
87 2276 125 2313 si
139 2288 257 2327 porro
276 2275 530 2314 acerbitatem
549 2276 634 2313 eius
651 2276 695 2312 in
715 2273 1022 2326 reprehensione
1034 2305 1046 2324 ,
1076 2277 1258 2328 quamvis
1285 2278 1408 2324 iusta,
1438 2286 1538 2311 con-

90 2340 311 2390 donaverh,
332 2344 561 2394 scriptorem
574 2341 809 2380 habebimus
826 2344 867 2380 in
885 2355 962 2395 quo
981 2350 1138 2395 praeter
1151 2343 1290 2382 iudicii
1304 2345 1400 2382 satis
1418 2341 1538 2390 acuti,

20 2459 28 2474 ,
90 2411 213 2447 etiam
240 2408 335 2446 fidei
362 2417 402 2448 et
429 2411 670 2449 auctoritatis
696 2411 872 2448 eminent
897 2409 1045 2448 indicia
1070 2424 1165 2449 vera
1187 2419 1226 2449 et
1243 2411 1465 2458 luculenta,
1493 2414 1539 2446 ut
1562 2424 1600 2459 p.
1619 2421 1721 2446 xxxv

26 2486 34 2502 ³
90 2475 302 2528 indignum
332 2476 461 2515 videri
488 2480 613 2530 possit
629 2486 713 2516 tam
733 2477 960 2516 diuturnam
976 2479 1019 2516 in
1037 2481 1198 2518 Zosimo
1223 2478 1444 2517 calumniae
1463 2489 1539 2514 va-

91 2545 213 2583 luisse
238 2545 465 2596 opinionem
477 2574 488 2594 ,
517 2548 595 2584 nisi
609 2547 652 2584 in
670 2546 879 2598 propatulo
902 2553 1006 2585 esset
1025 2546 1267 2586 Christianos
1284 2545 1468 2583 homines
1486 2544 1538 2582 ob

93 2625 250 2650 severas
267 2613 351 2649 eius
369 2613 413 2649 in
431 2625 591 2654 suarum
610 2615 784 2665 partium
802 2612 984 2653 homines
1002 2617 1200 2653 stricturas
1216 2613 1478 2663 sugillationis
1496 2614 1535 2649 ei

93 2682 292 2719 maculam
315 2683 489 2719 inustam
514 2682 700 2721 voluisse.
754 2683 814 2720 ira
845 2690 884 2720 et
912 2681 1062 2719 invidia
1084 2683 1189 2719 inter
1208 2679 1451 2718 diversarum
1469 2693 1538 2717 re-

94 2748 288 2800 ligionum
315 2750 482 2788 asseclas
514 2752 736 2803 consopita,
773 2764 865 2790 cum
899 2749 1150 2805 aequioribus
1174 2761 1281 2786 nunc
1305 2749 1420 2788 nobis
1449 2761 1538 2787 esse
