1812 3016
448 98 887 154 COMMENTARIUS
912 103 1262 156 ms‘romcns.
1479 109 1581 159 379

136 217 179 256 et
193 215 430 270 explicando
446 219 588 270 peritia
605 231 652 257 ac
670 217 876 271 dilig-tia
891 219 1032 268 fuerit,
1064 232 1087 258 s
1102 221 1260 260 valesio
1278 227 1318 259 et
1333 220 1581 262 Lindenbrc-

138 275 204 326 gio
222 272 276 312 ad
291 276 547 313 Ammianmn
566 288 657 313 cum
673 278 860 314 varietate
878 277 1160 316 sententiarum
1178 276 1412 329 disputatur.

248 343 291 381 p.
309 331 389 373 168
409 344 448 369 v.
465 333 535 372 22.
590 337 690 370 teste
712 331 924 371 Plutarcho
949 346 1029 371 non
1052 334 1202 385 proelio
1225 341 1361 386 captus
1384 342 1443 373 est
1465 337 1583 375 ctas-

137 394 228 434 sus,
256 385 328 424 sed
352 387 541 440 colloquii
568 389 699 440 specie
730 387 783 426 ad
804 389 945 427 foedus
968 389 1269 442 percutiendum
1295 389 1503 444 deceptus,
1532 392 1582 430 ab

135 440 323 481 hostibus
334 449 468 482 contra
487 442 606 482 fidem
626 445 866 496 interceptus
886 458 932 482 ac
946 446 1175 484 interfectus
1194 453 1267 484 est.

245 510 288 549 p.
308 501 388 540 170
403 513 444 537 τ.
459 502 501 540 7.
557 501 700 538 ’πίεσαι
715 508 787 547 eat,
817 502 872 539 ait
887 503 1122 540 Ammianus
1138 502 1192 544 25
1220 504 1267 552 8,
1296 502 1379 541 dux
1396 503 1583 556 Mesopo-

134 554 283 591 uuniae
307 555 524 594 Causam
541 562 580 592 et
596 555 778 594 tribuum
794 558 1030 595 Mauritius.

137 626 143 630 ·
244 622 288 662 p.
307 612 381 651 171
404 622 445 649 v.
460 614 504 653 2.
558 613 793 652 Ammianus
810 614 841 652 l.
861 627 896 652 c.
923 613 1282 666 Sabimoesbrtum
1301 620 1340 651 et
1353 626 1496 665 genere
1516 615 1582 652 in-

134 671 194 704 to·
208 666 427 717 municipes
443 667 592 707 clarus.

245 720 301 760 ib.
319 733 360 760 v.
379 725 443 764 12.
500 732 754 776 exasperatus
780 731 864 764 erat
887 725 1120 778 imperator,
1159 738 1250 763 cum
1276 738 1441 774 corona,
1478 738 1581 778 quaa

135 776 176 815 ei
194 775 431 816 offerebatur
446 791 469 816 a
488 780 660 829 civibus,
689 780 857 820 vixdum
881 789 1040 833 accepta
1064 782 1248 820 Silvanus
1269 781 1432 834 quidam
1450 785 1581 820 causi-

133 831 247 872 dicus
267 833 455 875 audacius
475 837 799 876 exclamavizset:
827 839 904 887 ita,
932 840 1165 890 imperator,
1195 851 1219 875 a
1238 839 1459 877 civitatibus
1480 840 1579 877 resi-

134 887 224 927 duis
246 891 458 929 coroneris.
997 925 1009 939 ,

242 958 286 997 p.
307 947 387 989 172
403 959 444 984 v.
463 946 529 988 14.
586 946 834 986 emendanda
871 946 971 986 haec
1008 956 1099 987 sunt
1130 962 1181 986 ex
1209 950 1421 987 Ammiano
1453 949 1507 991 25
1535 952 1576 990 8.

133 1001 353 1052 Procopius
379 1003 498 1051 alter,
530 1007 706 1043 notarius
745 1005 851 1057 (non
878 1006 1022 1043 Iuliani
1054 1013 1261 1056 cognatus,
1299 1013 1343 1043 ut
1370 1019 1576 1058 perperam

131 1058 324 1109 scriptum
350 1071 375 1096 a
404 1060 564 1097 zosimo
593 1068 674 1110 est,
718 1074 840 1113 quam
870 1063 1152 1112 Procopiorum
1189 1063 1461 1100 confusionem
1495 1064 1578 1100 iam

131 1113 352 1152 Gronovius
377 1115 420 1151 in
448 1115 543 1153 Obs-
568 1116 599 1154 1.
626 1120 647 1157 1
674 1130 709 1154 c.
731 1119 785 1158 26
809 1131 850 1169 p.
875 1120 953 1158 107
974 1117 1222 1169 annotavit),
1252 1126 1291 1156 et
1322 1119 1579 1164 Memor-ides,

132 1169 314 1208 militaris
338 1170 539 1220 tribunus,
567 1173 843 1211 Valentiniano
871 1174 1013 1211 comite
1044 1175 1087 1211 in
1115 1174 1318 1225 Illyricum
1346 1181 1384 1212 et
1407 1175 1580 1212 Galliam

131 1223 267 1274 missi,
295 1226 406 1264 iussu
430 1228 677 1279 imperatoris
707 1228 1001 1275 Lucillianum,
1030 1243 1209 1268 socerum
1242 1232 1326 1268 eius
1356 1228 1462 1282 apud
1492 1231 1579 1269 Sir-

131 1281 260 1320 mium
282 1283 363 1320 otio
388 1280 617 1334 degentem,
646 1284 787 1323 oblatis
813 1286 1029 1336 magisterii
1057 1287 1234 1338 equitum
1254 1293 1292 1323 et
1310 1286 1488 1337 peditum
1511 1301 1580 1324 co-

132 1335 299 1386 dicillis,
327 1336 519 1377 cohortati
549 1346 641 1385 sunt
671 1347 716 1378 ut
745 1339 1013 1379 Mediolanum
1042 1348 1269 1394 properaret
1298 1350 1336 1380 et
1364 1341 1503 1381 dubias
1522 1343 1579 1382 ihi

132 1405 196 1432 res
222 1393 406 1432 firmaret.
463 1401 547 1434 orta
567 1397 728 1435 interim
748 1397 921 1435 militum
939 1396 1133 1435 seditione
1153 1399 1399 1436 Lucillianus
1419 1412 1581 1452 perem-

130 1450 221 1501 μοι
241 1456 316 1488 est.
369 1451 569 1489 Ammiau.
590 1465 626 1490 ο.
650 1455 715 1493 10.

163 1516 166 1519 ’
240 1518 283 1558 p.
302 1508 381 1548 173
400 1519 441 1544 v.
459 1506 502 1548 4.
557 1521 716 1546 cansam
734 1508 962 1560 repentinae
979 1510 1116 1547 mortis
1129 1538 1139 1557 ,
1169 1509 1351 1562 quamvis
1371 1507 1421 1547 de
1438 1510 1578 1548 morbo

130 1566 280 1609 taceat,
307 1565 389 1599 non
417 1575 539 1600 unam
566 1569 701 1601 tamen
727 1564 860 1615 prodit
887 1566 1122 1602 Ammianus
1143 1565 1171 1603 1.
1193 1579 1250 1612 c.,
1281 1564 1443 1603 odorem
1465 1566 1579 1603 cubi-

130 1617 212 1656 cun
240 1619 389 1655 receuti
416 1619 522 1656 calce
551 1620 663 1667 illiti,
691 1621 986 1658 succensionem
1003 1622 1235 1671 pruinarum
1251 1622 1511 1670 immensam,
1539 1627 1579 1661 et

131 1669 365 1710 (ruditatem
384 1674 580 1722 ciborum,
608 1688 729 1726 quam
746 1677 938 1713 veriorem
954 1681 1078 1726 putat.

241 1726 296 1766 ib.
320 1741 361 1767 v.
381 1732 423 1771 6.
479 1742 578 1782 quos
608 1731 789 1769 Socrates
811 1738 850 1768 et
869 1729 1157 1782 Philostorgius
1181 1738 1390 1769 numerant
1406 1744 1579 1781 menses,

129 1783 201 1820 me
225 1790 389 1834 septem,
418 1784 486 1823 hic
509 1786 658 1832 decem,
687 1788 717 1824 ii
746 1788 879 1824 minus
909 1794 1087 1825 accurate
1116 1789 1312 1826 numerati
1336 1795 1428 1825 sunt
1455 1800 1578 1840 quam

130 1850 231 1891 quos
248 1852 339 1877 uun
356 1841 574 1880 Sozomeno
603 1841 648 1893 (6
677 1842 724 1893 6)
752 1844 935 1881 Zosimus
951 1841 1123 1881 indicat:
1151 1856 1246 1881 nam
1263 1845 1447 1881 Iovianus
1463 1851 1578 1895 post-

129 1899 251 1947 quam
278 1897 393 1934 Iunio
423 1910 561 1936 mense
591 1896 644 1935 ad
669 1911 867 1942 summam
892 1912 1024 1937 rerum
1049 1906 1207 1938 evectus
1229 1906 1331 1949 erat,
1360 1899 1572 1938 Februario

130 1952 226 1991 mni
247 1951 492 2005 insequentis
517 1953 628 1991 obiit.

242 2005 297 2046 ib.
322 2021 362 2046 v.
384 2011 452 2053 11.
507 2011 734 2047 monuimus
760 2011 840 2047 iam
868 2023 985 2062 supra
1014 2008 1067 2048 ad
1095 2024 1136 2062 p.
1158 2011 1239 2052 166
1267 2013 1295 2052 2
1322 2011 1480 2062 lapsum
1506 2009 1574 2048 hic

129 2074 218 2100 esse
245 2063 331 2101 sive
358 2066 562 2103 Zosimum
590 2067 674 2103 sive
701 2067 940 2117 Eunapium.
995 2080 1090 2107 nam
1115 2065 1222 2104 hunc
1247 2068 1406 2104 Zosimo
1431 2066 1574 2104 ducem

128 2117 274 2213 guazso,
300 2120 410 2159 locus
439 2123 483 2162 iu
511 2120 637 2161 Sulda
666 2120 782 2159 docet
807 2136 894 2160 voc.
915 2120 1176 2175 Σαλούστιος,
1206 2125 1276 2176 qul
1294 2125 1467 2174 Eunapii
1487 2136 1573 2161 esse

155 2174 167 2184 0
221 2181 299 2214 m·

133 2240 138 2244 ⁴
241 2229 297 2267 ib.
318 2243 359 2268 v.
376 2233 446 2272 22.
500 2233 821 2281 Valentinianus,
849 2239 950 2271 teste
977 2234 1182 2285 Eunapio‚
1212 2234 1282 2273 ubi
1310 2232 1362 2270 ad
1388 2235 1572 2272 Nicaeam

131 2285 344 2338 imperator
373 2285 500 2326 dictus
529 2289 678 2336 fuerat,
716 2302 878 2329 coronas
911 2302 936 2329 a
965 2291 1106 2342 legatis
1135 2291 1293 2330 urbium
1321 2290 1398 2328 sibi
1423 2290 1575 2329 oblatas

130 2341 301 2395 benigne
319 2348 359 2380 et
375 2342 556 2383 benivole
575 2345 740 2397 accepit.

133 2458 136 2459 ’
187 2475 259 2513 lx„
293 2475 711 2516 VALENTINIANUS
738 2478 758 2514 1
784 2478 858 2516 ET
883 2477 1087 2517 VALENS
1117 2477 1172 2527 (1.
1203 2476 1230 2518 4
1259 2490 1293 2515 0.
1325 2474 1517 2527 1-24).

242 2562 570 2616 Quandoquidem
596 2578 643 2603 ea
668 2578 771 2617 quae
798 2565 851 2605 ad
879 2567 1141 2605 Valentiniani
1171 2565 1424 2615 Valentisque
1446 2562 1574 2602 histo-

132 2617 232 2657 riam
257 2626 456 2669 spectant,
488 2620 572 2659 fere
598 2624 752 2670 omnia,
784 2624 980 2674 copiosius
1004 2635 1185 2674 qnoque,
1215 2621 1394 2670 exposita
1412 2627 1503 2656 sunt
1523 2619 1572 2657 ab

131 2673 363 2722 Ammiano,
391 2677 593 2724 zosimus,
623 2679 804 2729 quamvis
828 2679 871 2716 in
893 2677 968 2715 hac
983 2676 1234 2715 historiarum
1251 2682 1362 2726 parte
1380 2676 1480 2712 nulli
1497 2688 1572 2712 ne·-

130 2740 210 2781 (με
229 2720 310 2770 odii
326 2739 456 2785 nequo
473 2732 595 2772 studii
611 2735 827 2787 suspicioni
841 2740 1084 2789 opportunus
1100 2733 1166 2781 sit,
1194 2731 1247 2771 ad
1263 2743 1351 2771 eam
1367 2731 1572 2772 illustran-
