1812 3016
247 61 343 110 154
863 64 1066 109 ‘ZOSIMI

240 182 434 234 βοηθεῖν,
469 176 512 221 εἷ’
531 174 608 220 πού
639 194 677 221 τι
709 179 851 235 φανείη
882 179 1097 234 πολέμιον,
1131 177 1204 222 οῧκ
1237 176 1534 238 ἀπεκρούσαπο
1566 177 1691 235 μόνον

241 247 336 296 τοὺς
365 244 611 296 ἐπελθόντας
644 246 800 299 αὐτοῖς,
836 247 940 289 ἀλλὰ
971 248 1066 298 τοὺς
1088 249 1162 302 μὲν
1186 247 1388 299 ἀνελόντες
1405 249 1502 299 τοὺς
1521 249 1565 292 δὲ
1586 266 1687 305 προ-

239 313 445 371 τροπάὸην
478 313 689 365 διώξαντες
721 316 762 357 ἓν
792 316 974 373 ἀσφαλεῖ
997 321 1056 375 τῷ
1084 320 1250 371 βασιλεῖ
1274 316 1327 359 τὰ
1356 321 1429 372 τῆς
1457 319 1689 372 πολιορκίας

238 384 442 439 ἐποίησαν.
511 384 592 426 ἐπεὶ
610 384 654 425 δὲ
673 388 753 425 τῶν
775 383 1001 441 φευγόντων
1022 386 1125 435 τινὲς
1145 386 1212 427 καὶ
1231 385 1274 426 ἓν
1290 391 1375 435 τοῖς
1393 383 1473 427 ὑπὸ
1491 385 1538 427 τὸ
1563 385 1688 435 ἄλσος

238 452 364 493 ἕλεσιν
385 446 501 506 ἦσαν,
538 452 632 494 οὐδὲ
651 450 818 503 τούτους
836 453 874 495 οἱ
891 454 953 495 ἐπὶ
974 457 1210 509 κατασκοπῇ
1227 453 1560 510 καταλειφθέντες
1577 453 1719 508 ἂφῆ-5

235 536 312 561 καν
344 518 510 577 ἀθῴους
521 551 534 571 ,
569 519 673 562 ἀλλὰ
694 520 790 571 τοὺς
809 522 882 575 μὲν
904 521 1077 564 ἔκτειναν
1099 521 1194 571 τοὺς
1214 523 1258 563 δὲ
1281 519 1564 575 αἰχμαλώτους
1581 519 1688 576 ἀπή-

234 603 370 642 γαγον.
439 587 561 644 (21)
597 588 635 630 οἳ
662 589 706 629 δὲ
736 590 777 630 ἔν
802 594 860 648 τῷ
883 591 1065 647 φρουρίῳ
1086 588 1412 646 πολιορκούμενοι
1431 593 1562 643 βελῶν
1583 605 1687 631 παν-

232 657 352 697 τοίων
370 655 509 712 ἀφέσει
527 656 621 706 τοῦς
639 657 839 708 ἐναντίους
855 657 1081 712 ἠμύναντο,
1105 660 1234 700 λίθων
1253 659 1297 700 δὲ
1315 658 1388 700 οὒκ
1403 656 1529 700 ὄντων
1550 657 1693 707 αῧτοῖς·

233 721 347 765 ἴνὸον
374 722 570 781 ἀσφάλτῳ
589 722 750 778 βώλους
778 727 1085 783 πεπυρωμένους
1111 725 1326 781 ἠκόντιζον.
1393 724 1608 782 ἐτύγχανον
1641 726 1686 768 δὲ

232 795 313 833 τῶν
343 793 605 845 πεμπομένων
628 793 670 834 αἱ
689 796 810 846 βολαὶ
833 794 981 852 ῥαδίως
1004 792 1070 837 οἷα
1091 796 1158 836 καὶ
1181 796 1224 845 ἐξ
1244 792 1475 850 ὕπερδεξίου
1496 795 1563 836 καὶ
1579 793 1684 836 κατὰ
1696 800 1741 836 10

231 858 417 913 πλήθους
444 859 706 913 πεμπόμεναι.
774 862 867 903 ἀλλ’
903 862 995 903 οὐδὲ
1029 863 1067 904 οἳ
1096 866 1176 904 τῶν
1195 861 1404 916 Ῥωμαίων
1427 866 1683 918 στρατιῶται,

233 929 300 970 καὶ
320 932 449 969 ταῦτα
472 934 561 977 ταῒς
579 929 621 978 ἐξ
642 926 778 981 ὕψους
794 931 1007 983 βοηθείαις
1029 929 1329 984 ἐλαττούμενοι,
1365 934 1550 986 παρῆκαν
1581 928 1684 980 εἶδος

233 996 400 1051 ἀνδρίας
419 997 485 1037 καὶ
502 999 719 1051 πολεμικῆς
733 995 970 1053 ἐπιστήμης·
995 999 1128 1048 λίθοις
1144 999 1221 1055 γὰρ
1236 997 1546 1053 χειροπλήθεσιν
1560 998 1682 1053 ἔθαλ-

235 1067 327 1115 λον,
354 1065 492 1117 βέλεσί
506 1081 547 1106 τε
569 1065 642 1106 οὔκ
666 1065 709 1107 ἔκ
730 1064 857 1116 τόξων
876 1065 999 1120 μόνον
1021 1066 1248 1123 ἀφιεμένοις
1274 1067 1378 1108 ἀλλὰ
1399 1068 1466 1108 καὶ
1485 1067 1528 1108 ἐκ
1545 1083 1682 1121 μηχα-

232 1130 443 1186 νημάτων,
478 1131 578 1189 ἅπερ
608 1133 680 1175 οὐκ
711 1134 781 1191 ἐφ’
810 1132 898 1184 ἑνὸς
922 1133 1045 1190 μόνον
1067 1137 1209 1178 ἰ’στατο
1233 1133 1461 1190 πηγνύμενα
1479 1133 1680 1187 σώματος,
1693 1135 1737 1172 15

230 1200 335 1241 ἀλλὰ
351 1203 416 1241 καὶ
436 1199 508 1242 δύο
530 1203 595 1244 καὶ
612 1202 704 1258 τριά
723 1203 791 1244 καὶ
811 1204 932 1245 πλείω
953 1201 1068 1260 διῄει.
1133 1207 1207 1245 τοῦ
1228 1204 1272 1246 δὲ
1287 1203 1485 1259 φρουρίου
1502 1202 1681 1255 κειμένου

227 1268 300 1320 μὲν
331 1270 394 1309 ἐπὶ
424 1267 575 1325 λόφου,
611 1271 754 1323 τείχεσι
789 1271 832 1321 δὲ
864 1269 937 1313 δύο
971 1273 1037 1313 καὶ
1066 1269 1233 1327 πύργοις
1259 1270 1469 1313 ἑκκαίδεκα
1492 1269 1682 1325 μεγάλοις

227 1336 517 1392 ὠχυρωμένον,
548 1337 661 1393 πέριξ
689 1355 732 1380 τε
761 1337 906 1396 τάφρῳ
935 1340 1261 1396 περιειλημμένου
1293 1339 1472 1397 βαθείᾳ,
1506 1336 1610 1381 κατά
1639 1355 1678 1380 τι

223 1404 347 1459 μέρος
360 1403 471 1460 ὕδωρ
491 1404 730 1462 εἶσφερούσῃ
748 1414 831 1457 τοῖς
848 1410 890 1449 ἐν
907 1411 965 1464 τῷ
983 1408 1165 1465 φρουρίῳ
1185 1407 1286 1464 πρὸς
1303 1404 1426 1449 πότον
1445 1405 1677 1460 ἐπιτήδειον,

219 1476 343 1525 χῶμα
372 1473 536 1525 ἐπιχέειν
567 1471 587 1515 ὅ
615 1474 806 1527 βασιλεὺς
834 1479 885 1534 τῇ
910 1473 1055 1532 τάφρῳ
1076 1476 1171 1526 τοὺς
1192 1473 1441 1532 στρατιώτας
1462 1475 1733 1526 {namucum

223 1538 357 1595 ἕτερόν
377 1557 418 1582 τε
442 1542 503 1581 ἒπὶ
521 1539 649 1599 τούτῳ
665 1542 764 1599 πρὸς
780 1542 890 1597 ὕψος
909 1542 1170 1597 ἀνιστάμενον
1187 1545 1430 1597 ἐξισωθῆναι
1449 1546 1507 1599 τῷ
1522 1540 1676 1599 πύργῳ.

221 1607 325 1650 κατὰ
348 1609 391 1649 δὲ
410 1609 533 1665 μέρος
555 1610 687 1666 ἕτερον
709 1610 781 1664 τὴν
798 1609 876 1653 ὑπὸ
895 1611 945 1652 τὰ
964 1613 1072 1666 τείχη
1091 1617 1165 1667 γῆν
1181 1610 1357 1668 ὀρύττειν
1373 1609 1544 1667 ἐγνώκει,
1569 1610 1675 1652 κατὰ

313 1715 336 1748 3
358 1715 410 1761 τῷ
434 1714 580 1760 βασιλεῖ
599 1728 652 1750 om
674 1716 717 1752 L.
867 1718 889 1753 5
912 1717 1218 1762 καταληφθέντας
1238 1718 1419 1765 interpres.
1569 1718 1613 1752 10
1634 1714 1672 1759 ἐξ

312 1760 379 1794 add
402 1762 439 1794 S.
556 1764 599 1799 12
621 1763 789 1807 παρῆκον
808 1762 860 1807 L,
884 1767 1061 1809 παρεῖκον
1083 1765 1131 1798 P:
1155 1775 1234 1800 corr
1254 1766 1293 1799 S.
1406 1764 1450 1801 19
1472 1759 1571 1804 εἶδος
1592 1763 1672 1797 LP:

312 1801 416 1850 ὕδωρ
438 1806 467 1839 L
489 1818 620 1852 margo.

220 1895 311 1929 missi
329 1896 483 1938 fueraut,
508 1901 548 1931 ut
570 1898 787 1943 explorarent
807 1899 916 1933 omnia
940 1900 1076 1945 suisque
1090 1902 1344 1943 succurrerent,
1367 1899 1396 1934 si
1411 1909 1478 1943 qua
1492 1909 1530 1932 se
1544 1898 1597 1932 vis
1611 1899 1673 1932 ho·

221 1941 308 1974 stilis
324 1941 465 1974 offerret
476 1968 485 1984 ‚
510 1954 575 1977 non
594 1944 692 1977 modo
709 1945 847 1978 adortos
862 1957 900 1979 se
916 1947 1169 1990 propulsarunt,
1191 1945 1250 1978 sed
1266 1945 1455 1978 interfectis
1470 1944 1563 1986 aliis,
1586 1943 1671 1987 alios

222 1987 332 2019 effuse
347 1991 443 2030 terga
458 1987 541 2022 dare
556 1995 693 2023 coactos
713 1990 875 2032 insecuti,
898 1992 942 2024 ab
970 1991 1058 2026 omni
1076 1996 1164 2026 metu
1186 2001 1335 2024 securam
1352 1989 1563 2034 imperatoris
1576 1989 1671 2023 obsi-

221 2031 351 2064 dionem
376 2033 571 2069 reddebant.
618 2039 652 2068 et
676 2037 831 2079 quoniam
855 2037 1003 2070 nonnulli
1026 2038 1107 2081 fuga
1131 2036 1193 2071 sibi
1215 2036 1427 2069 consulentes
1449 2035 1483 2068 in
1510 2034 1671 2069 subiectis

220 2077 296 2110 luco
317 2077 493 2121 paludibus
511 2079 713 2123 haerebant,
744 2093 787 2115 ne
811 2081 886 2115 illos
906 2082 1054 2126 quidem,
1077 2083 1106 2116 si
1127 2080 1443 2136 deprehendissent,
1463 2080 1599 2114 illaesos
1615 2080 1669 2114 di·-

220 2122 376 2155 mittebat
390 2123 543 2156 itinerum
559 2125 802 2169 exploratores,
827 2127 887 2160 sed
904 2128 1026 2173 partim
1040 2127 1289 2161 interficiebant
1303 2126 1422 2171 partim
1437 2126 1591 2170 captivos
1606 2126 1669 2160 ab-

215 2167 394 2202 ducebant.
442 2169 535 2212 (21)
561 2171 690 2203 obsessi
707 2183 788 2205 vero
804 2173 946 2206 telorum
962 2174 1067 2207 omnis
1082 2172 1214 2217 generis
1228 2172 1319 2204 iactu
1334 2171 1400 2205 vim
1417 2171 1572 2205 hostilem
1585 2175 1672 2217 proi

217 2213 405 2257 pulsabant.
454 2226 594 2258 cumque
618 2226 700 2249 saxa
722 2217 929 2261 deficerent,
954 2218 1075 2263 ignitas
1095 2218 1252 2252 bitumine
1266 2217 1384 2260 glebas
1400 2217 1665 2252 eiaculabantur.

217 2270 329 2291 aarum
346 2258 453 2294 iactus
469 2260 566 2293 facile
583 2261 824 2306 contingebant
841 2275 899 2297 eos
915 2266 971 2308 qui
986 2266 1198 2309 petebantur,
1221 2262 1310 2307 quod
1327 2262 1370 2295 de
1385 2262 1574 2296 sublimiore
1588 2261 1664 2296 loco

215 2310 252 2336 et
266 2303 300 2336 in
316 2305 557 2339 multitudinem
575 2306 707 2343 fierent.
753 2309 814 2341 sed
829 2320 892 2342 nec
909 2310 1049 2343 Romani
1065 2309 1203 2350 militeS‚
1226 2308 1378 2352 quamvis
1392 2308 1583 2341 adiumento
1598 2307 1664 2341 loci

215 2349 399 2393 superioris
415 2350 638 2392 vincerentur,
666 2352 767 2386 ullum
781 2354 985 2388 fortitudinis
1000 2359 1035 2388 et
1050 2354 1208 2389 scientiae
1224 2353 1363 2388 bellicae
1376 2364 1483 2397 genus
1495 2353 1664 2387 intermit-

215 2395 345 2428 tebant.
392 2406 529 2440 magnos
553 2397 638 2430 enim
659 2397 789 2442 lapides
807 2403 842 2433 et
856 2400 924 2432 tela
941 2399 1162 2435 coniiciebant
1174 2399 1208 2432 in
1225 2399 1354 2440 hostes3
1379 2409 1466 2443 quae
1481 2409 1548 2432 non
1562 2409 1664 2431 arcu-

212 2439 277 2473 bus
292 2444 423 2475 tantum
439 2453 554 2475 verum
569 2447 606 2475 et
621 2443 779 2476 machinis
795 2444 1043 2479 emittebantur.
1090 2456 1150 2478 eae
1167 2455 1232 2477 non
1247 2444 1295 2477 ita
1311 2444 1515 2479 constitutae
1527 2444 1664 2476 fuerant

214 2490 251 2517 ut
270 2496 368 2519 unum
386 2487 484 2520 modo
501 2498 643 2532 corpus,
679 2489 738 2521 sed
757 2488 823 2521 duo
836 2514 845 2531 ‚
880 2490 968 2533 tria,
1000 2491 1096 2535 plura
1112 2489 1256 2534 denique
1270 2490 1423 2525 ferirent.
1476 2489 1555 2533 quia
1574 2500 1659 2522 vero

211 2531 383 2564 castellum
399 2532 432 2565 in
449 2532 535 2566 colle
548 2534 646 2567 situm
662 2538 756 2575 erat,
781 2534 911 2568 duobus
937 2536 1037 2569 muris
1052 2540 1088 2569 et
1103 2535 1216 2568 decem
1233 2545 1273 2568 ac
1286 2546 1346 2569 sex
1362 2534 1491 2579 magnis
1509 2533 1660 2568 turribus

215 2576 372 2610 munitum
402 2578 539 2624 altaque
569 2579 714 2613 cinctum
743 2580 836 2614 fossa
847 2606 856 2621 ‚
887 2591 974 2624 quae
997 2586 1096 2625 parte
1115 2580 1255 2624 quadam
1281 2580 1408 2614 castelli
1437 2579 1662 2625 praesidiariis

213 2631 333 2664 aquam
358 2622 403 2655 ad
430 2629 543 2665 potum
568 2624 722 2658 idoneam
749 2625 967 2668 immittebat,
995 2630 1111 2669 egesta
1127 2630 1218 2658 terra
1234 2626 1358 2658 fossam
1372 2624 1555 2670 imperator
1569 2635 1661 2658 com-

214 2666 352 2708 planare
375 2668 493 2702 milites
518 2669 632 2711 iussit‚
656 2669 823 2716 aliumque
837 2675 1013 2714 praeterea
1028 2675 1155 2704 tantam
1167 2670 1200 2703 in
1218 2670 1425 2703 altitudinem
1443 2670 1583 2703 excitari
1598 2681 1660 2714 ag-

214 2722 328 2754 gerem
355 2717 392 2747 ut
419 2714 535 2752 turrim
553 2721 745 2761 aequarent.
790 2715 904 2751 itidem
918 2720 1016 2763 parte
1032 2715 1175 2762 quadam
1191 2715 1257 2749 alia
1271 2720 1395 2750 terram
1410 2717 1474 2751 sub
1487 2715 1662 2751 moenibus
