1774 3002
238 100 302 146 30
856 99 1050 142 ZOSIMI

236 213 384 256 ι’στατο.
473 212 538 254 καὶ
578 210 629 254 τὰ
667 212 739 266 μὲν
778 215 1044 269 παροικοῦντα
1082 211 1150 253 τὸν
1182 209 1319 266 Ῥῆνον
1347 210 1388 254 ἓν
1419 207 1573 262 τούτοις
1602 205 1666 266 ἦν,

236 281 362 336 (31)
397 280 569 336 Βορανοὶ
605 279 648 321 δὲ
683 281 748 321 καὶ
781 280 821 321 Γ
818 278 934 321 ότθοι
974 281 1040 321 καὶ
1080 277 1241 335 Κάρποι
1270 280 1336 322 καὶ
1376 279 1668 337 Οὗρουγοῦνδοι

235 348 344 403 (γένη
368 348 417 390 δὲ
443 351 571 390 ταῦτα
599 349 686 403 περὶ
710 347 943 404 τὸνἼστρον
961 348 1162 401 οἰκοῦντα)
1194 347 1323 403 μέρος
1342 347 1456 389 οὐδὲν
1479 347 1666 402 τῆςἸτα-

233 417 323 465 λίας
352 414 379 470 ἢ
405 419 478 469 τῆς
499 415 713 471 Ἰλλυρίδος
746 412 1024 464 καταλιπόντες
1052 413 1232 470 ἀδῄωτον
1262 414 1476 467 διετέλουν,
1508 414 1668 464 οὐδενὸς

234 483 546 536 ἄνθισταμένου,
581 481 710 524 πάντα
738 481 1016 536 ἐπινεμόμενοι.
1083 484 1259 539 Βορανοὶ
1289 483 1332 524 δὲ
1352 484 1418 524 καὶ
1436 486 1507 536 τῆς
1523 484 1577 532 εἷς
1593 482 1698 536 τὴν5

227 551 362 593 Ἀσίαν
391 549 613 603 διαβάσεως
638 551 872 607 ἐπειρῶντο,
906 552 972 591 καὶ
995 547 1092 608 ῥᾷόν
1121 567 1164 605 γε
1196 548 1492 606 κατεπράξαντο
1519 547 1668 604 ταύτην

233 618 301 660 διὰ
326 622 405 660 τῶν
434 616 645 660 οῗκούντων
677 618 745 659 τὸν
776 616 1007 673 Βόσπορον,
1043 617 1118 659 δέει
1153 621 1307 671 μᾶλλον
1335 617 1362 672 ἢ
1387 615 1524 674 γνώμῃ
1549 614 1668 659 πλοῖά

230 703 274 728 τε
297 684 525 728 δεδωκότων
548 687 613 727 καὶ
630 684 887 740 ἡγησαμένων
905 690 974 739 τῆς
991 683 1226 738 διαβάσεως.
1269 685 1342 735 ἕως
1359 686 1432 738 μὲν
1450 685 1527 741 γὰρ
1546 689 1670 738 βασι-

234 758 314 803 λεῖς
341 754 476 803 αὐτοῖς
503 747 607 807 ἦσαν
632 760 726 803 παΐς
757 753 867 809 παρὰ
894 753 1044 809 πατρὸς
1067 751 1312 806 ἐκδεχόμενοι
1341 753 1414 807 τὴν
1435 750 1575 808 ἀρχήν,
1602 750 1668 793 διά

233 838 275 863 τε
306 821 379 875 τὴν
408 821 507 877 πρὸς
530 819 750 874 Ῥωμαίους
778 822 914 877 φιλίαν
942 823 1006 862 καὶ
1035 820 1079 862 τὸ
1110 825 1190 862 τῶν
1207 818 1406 877 ἕμποριῶν
1424 818 1724 874 εὖσῦμβολονὶθ
1743 841 1774 881 ¹:¹

235 890 301 930 καὶ
322 889 373 930 τὰ
398 887 510 945 παρὰ
525 892 604 930 τῶν
623 889 820 941 βασιλέοιν
840 888 975 937 αὐτοῖς
995 887 1106 937 ἔτους
1122 885 1289 930 ἑκάστου
1310 886 1541 941 πεμπόμενα
1558 889 1670 943 δῶρα

235 957 430 998 διετέλουν
460 956 652 1012 εἴργοντες
689 957 751 997 ἐπὶ
789 955 861 1009 τὴν
893 955 1028 997 Ἀσίαν
1067 957 1253 1010 διαβῆναι
1281 955 1549 1010 βουλομένους
1577 954 1671 1004 τοὺς

233 1022 421 1074 Σκύθας·
461 1024 541 1065 ἐπεὶ
577 1024 621 1065 δὲ
655 1027 728 1065 τοῦ
769 1026 980 1077 βασιλικοῦ
1013 1023 1150 1078 γένους
1194 1023 1489 1079 διαφθαρέντος
1517 1020 1674 1072 ἀνάξιοί

231 1109 333 1140 τινες
352 1094 417 1133 καὶ
439 1091 720 1147 ἀπερριμμένοι
739 1095 809 1144 τῆς
829 1089 1038 1144 ἡγεμονίας
1055 1090 1299 1144 κατέστησαν
1317 1089 1465 1146 κύριοι,
1499 1088 1671 1139 δεδιότες

231 1160 299 1215 ἐφ)
333 1158 489 1208 ἑαυτοῖς
512 1159 585 1213 τὴν
617 1158 684 1199 διὰ
712 1163 784 1199 τοῦ
814 1156 1027 1213 Βοσπόρου
1051 1165 1132 1206 τοῖς
1163 1156 1344 1206 Σκύθαις
1364 1159 1426 1198 ἐπὶ
1446 1156 1518 1211 τὴν
1533 1157 1669 1199 Ἀσίαν
1681 1158 1724 1192 15

231 1225 426 1269 δεδώκασι
443 1224 621 1283 πάροδον
634 1257 646 1276 ,
675 1226 826 1274 πλοίοις
846 1225 992 1273 αὐτοὺς
1013 1227 1168 1273 οἰκείοις
1188 1223 1506 1277 διαβιβάσαντες,
1541 1224 1569 1266 ἃ
1589 1222 1670 1266 πά-

230 1298 293 1335 λιν
324 1291 590 1346 ἀναλαβόντες
620 1291 875 1347 ἀνεχώρησαν
904 1292 969 1332 ἐπ’
1001 1292 1123 1333 οἷ’κου.
1190 1292 1295 1345 (32)
1329 1296 1410 1334 τῶν
1434 1293 1476 1333 δὲ
1496 1295 1671 1333 Σκυθῶν

227 1361 280 1403 τὰ
298 1363 339 1402 ἓν
357 1363 450 1402 ποσὶ
473 1359 603 1402 πάντα
625 1359 883 1413 λη’ίζομένων,
908 1359 956 1399 ὀἷ
984 1359 1056 1411 μὲν
1080 1358 1152 1412 τὴν
1172 1360 1373 1414 παραλίαν
1389 1361 1584 1408 οἳκοῦντες
1598 1362 1671 1401 τοῦ

226 1426 389 1470 Πόντου
414 1427 515 1483 πρὸς
535 1428 586 1469 τὰ
603 1425 787 1481 μεσόγεια
805 1428 871 1467 καὶ
898 1424 1133 1480 ὀχυρώτατα
1158 1424 1404 1481 ἀνεχώρουν,
1439 1427 1477 1468 οἱ
1502 1427 1545 1468 δὲ
1563 1424 1671 1482 βάρ-

178 1539 179 1542 ,
227 1500 348 1552 βαροι
367 1499 423 1552 τῷ
443 1498 660 1536 Πιτυοῦντι
677 1492 821 1550 πρώτῳ
837 1494 1121 1549 προσέβαλλον,
1147 1494 1262 1546 τείχει
1289 1510 1330 1535 τε
1357 1495 1528 1551 μεγίστῳ
1557 1494 1726 1550 περι-20

228 1563 461 1620 βεβλημένῳ
501 1564 567 1604 καὶ
599 1562 736 1615 λιμένα
782 1558 1047 1617 εὗορμότατον
1085 1560 1224 1613 ἔχοντι.
1304 1563 1598 1603 Σουκεσσιανοῦ
1628 1561 1673 1602 δὲ

231 1635 311 1673 τῶν
335 1631 455 1672 ἐκεῖσε
487 1633 738 1686 στρατιωτῶν
769 1625 960 1683 ἡγεμόνος
998 1628 1296 1681 καθεσταμένον
1320 1628 1422 1682 μετὰ
1448 1633 1519 1682 τῆς
1549 1626 1672 1683 οὔσης

233 1696 380 1740 αὐτόθι
403 1696 607 1751 δυνάμεως
627 1693 880 1746 ἀντιστάντος
902 1696 968 1738 καὶ
992 1695 1086 1746 τοὺς
1105 1693 1341 1752 βαρβάρους
1363 1693 1671 1748 ἀποδιώξαντος,

323 1815 367 1849 21
390 1814 579 1848 Συκεανου
594 1813 637 1850 Ρ.

236 1916 342 1956 irent,
375 1918 410 1948 et
436 1913 640 1948 irruentibus
677 1912 844 1948 obstabat.
899 1923 942 1946 ac
971 1912 1082 1947 Rheni
1109 1911 1242 1958 quidem
1268 1911 1454 1946 accolarum
1485 1910 1570 1945 haec
1596 1913 1672 1945 erat

234 1959 398 1994 condicio.
454 1960 546 2002 (31)
576 1959 701 1992 Borani
725 1970 807 1992 vero
836 1960 872 1991 et
894 1958 1000 1991 Gothi
1025 1964 1060 1992 et
1087 1957 1192 2002 Carpi
1219 1962 1254 1991 et
1275 1956 1455 2001 Uruguudi
1477 1955 1670 2000 (nationum

232 2007 319 2040 haec
345 2004 475 2038 nomina
497 2008 636 2048 propter
653 2004 773 2037 Istrum
794 2003 888 2037 sedes
914 1992 1126 2045 ha'bentium)
1149 2002 1270 2035 nullam
1292 2013 1353 2034 nec
1373 2000 1493 2035 Italiae
1511 2011 1575 2034 nec
1588 2001 1672 2044 Illy-

229 2051 292 2084 rici
316 2054 444 2095 partem
473 2059 494 2082 a
518 2048 681 2081 continuis
705 2047 946 2081 vastationibus
969 2048 1140 2080 immunem
1155 2047 1396 2090 relinquebant,
1418 2045 1527 2085 omnia
1541 2045 1672 2080 nemine

231 2095 411 2129 resistente
426 2093 634 2137 diripientes.
679 2098 715 2125 et
735 2093 869 2136 quidem
884 2092 1006 2124 Borani
1026 2091 1060 2124 in
1077 2091 1188 2124 Asiam
1204 2101 1337 2135 quoque
1352 2090 1549 2124 transiicere
1566 2101 1671 2125 coun-

229 2142 373 2180 bantur3
397 2138 496 2182 idque
514 2149 574 2182 per
598 2137 725 2171 incolas
741 2136 885 2181 Bospori
910 2147 990 2168 sane
1012 2147 1109 2179 quam
1134 2137 1235 2170 facile
1261 2136 1483 2177 obtinuerunt,
1506 2134 1565 2180 qui
1579 2140 1671 2169 metu

227 2186 340 2231 potius
362 2195 460 2228 quam
481 2183 578 2216 animi
600 2183 773 2215 voluntate
799 2181 935 2215 adducti
958 2191 1061 2214 naves
1086 2180 1135 2214 eis
1159 2180 1323 2214 dederunt
1338 2180 1421 2213 etin
1436 2180 1671 2214 transiiciendo

226 2232 331 2264 duces
344 2230 490 2262 fuerunt.
536 2238 634 2272 quam
649 2227 736 2260 enim
751 2227 807 2260 din
822 2236 920 2269 reges
933 2225 980 2258 illi
995 2226 1161 2258 habebant
1171 2253 1180 2269 ‚
1205 2225 1281 2258 tiliis
1293 2225 1327 2258 in
1343 2236 1480 2268 regnum
1495 2228 1670 2269 paternum

227 2274 502 2315 succedentibus,
526 2273 646 2317 partim
661 2276 801 2317 propter
815 2270 990 2304 amicitiam
1016 2281 1090 2303 cum
1115 2270 1237 2316 populo
1254 2271 1404 2303 Romano
1429 2275 1463 2303 et
1478 2269 1671 2303 commerci-

227 2332 321 2355 orum
339 2317 639 2364 opportunitatem,
662 2316 782 2362 partim
799 2320 936 2361 propter
952 2325 991 2347 ea
1006 2326 1144 2348 munera
1157 2316 1244 2359 quae
1258 2316 1300 2348 ab
1316 2313 1570 2359 imperatoribus
1583 2325 1672 2360 quo-

226 2365 337 2400 tannis
354 2365 400 2398 eis
416 2363 650 2404 mittebantur,
673 2362 819 2404 Scythas
843 2361 876 2394 in
895 2359 1007 2393 Asiam
1021 2361 1215 2393 transiicere
1229 2359 1383 2394 volentes
1400 2370 1516 2393 arcere
1529 2370 1595 2392 non
1609 2359 1673 2392 de-

229 2411 392 2445 sinebant.
438 2419 551 2442 verum
567 2412 784 2451 posteaquam
812 2405 975 2439 exstincto
999 2415 1123 2448 genere
1137 2404 1229 2448 regio
1249 2405 1381 2448 quidam
1397 2404 1482 2438 viles
1497 2408 1532 2438 et
1545 2402 1672 2437 abiecti

228 2456 446 2501 principatum
461 2451 693 2494 obtinuissent,
715 2451 845 2485 sibimet
860 2450 923 2494 ipsi
937 2454 1135 2491 metuentes,
1179 2450 1317 2492 Scythis
1333 2449 1506 2483 adeundae
1523 2459 1586 2492 per
1599 2448 1671 2481 Bo-

230 2511 365 2545 sporum
378 2499 476 2533 Asiae
490 2498 682 2532 facultatem
694 2499 928 2529 concesserunt
942 2499 978 2528 et
992 2494 1060 2528 suis
1077 2506 1135 2528 eos
1149 2494 1287 2527 navibus
1302 2496 1580 2535 transvexerunt3
1593 2492 1672 2537 qui-

235 2546 298 2578 bus
312 2545 433 2578 deinde
446 2542 593 2596 receptis
611 2542 740 2575 domum
755 2545 955 2574 remearunt.
1011 2540 1109 2583 (32)
1131 2543 1278 2572 ceterum
1295 2539 1429 2582 Scythis
1450 2538 1548 2571 obvia
1562 2548 1671 2581 quae-

237 2600 302 2633 que
320 2588 618 2634 depraedantibus,
640 2586 697 2631 qui
724 2585 883 2619 maritima
908 2584 1010 2618 Ponti
1033 2584 1108 2618 loca
1130 2584 1334 2623 incolebant,
1357 2583 1400 2617 ad
1427 2582 1670 2615 mediterranea

238 2635 442 2678 maximeque
458 2632 584 2667 munita
597 2631 794 2676 migrabant.
839 2630 974 2663 barbari
995 2640 1078 2662 vero
1097 2629 1287 2672 Pityuntem
1307 2628 1440 2672 primam
1454 2625 1565 2660 adorti
1578 2632 1668 2668 sunt,

237 2690 329 2713 muro
357 2679 498 2712 maximo
518 2677 750 2711 circumdatam
776 2678 810 2709 et
832 2682 962 2719 portum
985 2673 1276 2708 commodissimum
1291 2673 1477 2706 habentem.
1521 2670 1580 2704 sed
1595 2682 1670 2704 cum

238 2723 306 2756 dux
329 2724 465 2757 militum
488 2722 559 2758 eius
581 2722 647 2756 loci
662 2719 899 2755 Successianus
914 2729 988 2754 cum
1002 2719 1043 2753 iis
1058 2719 1163 2764 copiis
1175 2718 1234 2764 qui
1245 2717 1322 2753 istic
1336 2717 1476 2752 aderant
1489 2721 1593 2750 semet
1607 2715 1670 2750 ob-

1755 2533 1774 2564 Ἰ
