1812 3016
205 78 303 127 204
540 125 543 128 ,
830 84 1035 128 ZOSIMI

202 198 269 238 καὶ
301 195 414 253 παρὰ
445 192 594 252 ταύτης
616 196 842 253 ἐπιτραπεὶς
865 196 887 240 ὅ
907 215 945 240 τι
970 196 1020 240 ἀν
1043 201 1258 241 λυσιτελεῖν
1277 195 1470 254 ἡγήσαιτο
1491 203 1654 257 πρᾶξαι,

202 266 346 322 τοιῷδέ
363 282 438 307 τινι
459 263 595 322 τρόπῳ
611 265 679 307 τὸν
698 266 965 322 ἐπηρτημένον
986 273 1074 316 ταῖς
1092 265 1252 308 πόλεσιν
1269 266 1493 310 ἀποσείεται
1518 270 1654 311 κίνδυ-

202 351 286 374 νον.
353 334 525 383 καλέσας
552 331 608 382 ὥς
632 332 774 376 ἑαυτὸν
806 333 987 385 ἅπαντας
1015 333 1102 377 ὅσοι
1133 333 1349 390 ταγμάτων
1366 335 1504 389 ἔτυχον
1526 352 1654 392 στρα-

202 405 397 443 τιωτικῶν
426 406 692 457 προεστῶτες,
740 404 806 444 καὶ
837 401 971 458 ὅρκοις
998 401 1261 455 καταλαβών,
1307 401 1358 457 ἣν
1387 401 1463 457 εἶχε
1493 402 1654 459 γνώμην

207 469 344 519 αὐτοῖς
371 468 624 511 ἐκοινώσατο.
691 469 730 511 οἶ
761 472 805 513 δὲ
822 470 922 527 ἅπερ
943 470 1021 512 ἔδει
1044 469 1230 526 πράττειν
1247 469 1479 525 ἀκηκοότες,
1514 469 1687 526 λόγουςό

205 538 431 594 ε’νέσπειραν
451 544 534 587 τοῖς
555 538 596 578 ἓν
619 535 765 594 ἑκάστῃ
782 537 893 580 πόλει
913 537 1161 595 βαρβάροις,
1197 537 1251 588 ὥς
1267 536 1288 580 ὅ
1302 538 1495 592 βασιλεὺς
1511 537 1656 595 ἁδραῖς

205 603 367 662 σφόδρα
386 608 556 662 δωρεαῖς
572 605 719 656 αὐτοὺς
738 607 997 661 ἀμείψασθαι
1012 605 1201 661 βούλοιτο
1223 608 1289 648 καὶ
1307 608 1515 648 διαδοῦναι
1533 610 1655 649 πᾶσιν

205 674 252 714 οὗ
280 672 473 730 χρήματα
503 672 628 727 μόνον
655 674 761 716 ἀλλὰ
784 677 851 718 καὶ
873 680 970 730 γῆν,
1006 674 1061 725 ὥς
1085 675 1134 717 ἄν
1154 677 1210 724 εἷς
1226 674 1298 729 τὴν
1315 673 1415 731 ὑπὲρ
1438 674 1566 716 αὗτοῦ
1586 676 1655 716 καὶ

199 739 407 794 Ῥωμαίων
437 740 592 783 εὔνοιαν
620 742 801 785 ἕπιδοΐεν.
870 744 932 784 ἐπὶ
961 741 1117 792 τούτοις
1142 760 1182 784 τε
1209 743 1387 784 ἐκέλευον
1403 744 1460 792 εἷς
1481 742 1555 792 τὰς
1571 760 1654 797 μην

203 808 411 865 τροπόλεις
442 809 673 866 ἀγείρεσθαι
686 842 698 861 ,
732 810 855 866 ῥητῆς
880 811 1016 860 αὐτοῖς
1044 813 1100 860 εἰς
1127 815 1244 853 τοῦτο
1277 812 1466 864 δοθείσης
1486 808 1652 866 ἡμέρας.
1665 819 1711 853 10

203 875 370 927 ταύταις
388 878 630 933 ἐπαρθέντες
648 878 685 918 οἳ
703 877 908 934 βάρβαροι
926 885 1014 928 ταῖς
1035 880 1187 920 ἐλπίσιν
1205 876 1407 931 ἶχάλασαν
1427 878 1501 931 μέν
1522 895 1560 920 τι
1581 881 1655 919 τοῦ

203 949 344 998 θυμοῦ
367 947 431 987 καὶ
453 949 525 999 τῆς
545 945 649 987 κατὰ
672 950 752 988 τῶν
774 945 926 988 πόλεων
949 947 1170 998 ἀπωλείας,
1205 945 1484 999 ἀναμείναντες
1511 946 1555 987 δὲ
1580 945 1653 1000 τὴν
1708 951 1712 955 ’

203 1014 365 1069 κυρίαν,
393 1007 514 1069 οὗπερ
536 1008 586 1067 ἦν
606 1014 841 1069 τεταγμένον
863 1013 1044 1064 ἑκάστοις
1068 1015 1187 1064 ἴέναι,
1215 1014 1438 1070 συνέρρεον.
1507 1011 1654 1063 εἲδότες

204 1082 248 1123 δὲ
270 1083 337 1125 καὶ
358 1081 396 1122 οἱ
417 1085 660 1137 στρατιῶται
679 1082 724 1124 τὸ
745 1081 961 1136 σύνθημα,
985 1080 1280 1136 καταλαβόντες
1303 1081 1355 1124 τὰ
1380 1087 1469 1130 ταῖς
1490 1080 1655 1137 ἀγοραῖς

202 1150 424 1203 ἐπικείμενα
443 1151 534 1204 τέγη
557 1149 652 1199 τούς
669 1148 908 1206 βαρβάρους
925 1148 1118 1200 εἰσιόντας
1136 1152 1268 1199 λίθοις
1287 1151 1354 1191 καὶ
1374 1150 1509 1203 βέλεσι
1527 1165 1653 1202 κατηψ-
1665 1151 1708 1188 15

202 1215 410 1268 κόντισαν,
444 1218 518 1266 ἕως
544 1215 726 1268 ἅπαντας
747 1220 1007 1277 πανωλεθρίᾳ
1027 1219 1335 1274 διαφθείραντες
1353 1217 1427 1267 τὰς
1444 1218 1485 1259 ἓν
1503 1221 1554 1273 τῇ
1572 1214 1655 1278 ἑῴα

202 1283 335 1334 πόλεις
355 1289 434 1327 τῶν
455 1286 706 1338 ἐπικειμένων
725 1285 1009 1342 ἠλευθέρωσαν
1031 1284 1185 1341 φόβων.
1368 1290 1374 1293 ’

340 1353 418 1397 27.
489 1353 556 1394 Τὰ
584 1354 657 1405 μὲν
680 1347 750 1395 οὖν
772 1353 876 1395 κατὰ
897 1353 969 1407 τὴν
990 1351 1095 1410 ἑῴαν
1114 1355 1182 1394 καὶ
1212 1349 1378 1410 Θρᾴκην
1399 1348 1653 1404 συμπεσόντα

202 1418 466 1472 ἐλαττώματα
482 1424 533 1476 τῇ
553 1424 630 1461 τῶν
649 1426 882 1477 στρατηγῶν
902 1421 1081 1479 ἀγχινοίᾳ
1096 1419 1245 1474 ταύτην
1263 1420 1351 1473 ἔσχε
1367 1419 1439 1473 τὴν
1455 1416 1652 1473 τελευτήν.

202 1485 223 1528 ὅ
258 1488 301 1530 δὲ
331 1487 522 1541 βασιλεὺς
550 1486 767 1538 Θεοδόσιος
791 1487 1093 1542 ἐνδιαιτώμενος
1114 1488 1171 1530 ἔτι
1192 1492 1243 1544 τῇ
1263 1487 1543 1542 ,Θεσσαλονίκῃ
1568 1492 1708 1535 τοῖς20

201 1555 274 1609 μὲν
305 1553 611 1611 ἐντυγχάνουσιν
639 1554 764 1598 ἐδόκει
798 1573 884 1606 πως
915 1554 1148 1613 εὖπρόσιτος
1174 1554 1272 1600 εἶναι
1285 1586 1299 1606 ,
1332 1554 1490 1610 τρυφὴν
1516 1554 1559 1595 δὲ
1584 1555 1652 1596 καὶ

200 1624 404 1676 ἐκμέλειαν
430 1628 502 1677 τῆς
528 1625 735 1676 βασιλείας
769 1625 961 1680 προοίμια
988 1621 1255 1678 ποιησάμενος
1273 1622 1345 1671 τὰς
1357 1623 1430 1675 μὲν
1447 1619 1652 1678 προεστώς,

201 1707 278 1740 σας
314 1691 442 1747 ἀρχὰς
483 1689 744 1748 συνετάραξε,
781 1692 876 1742 τοὺς
907 1691 949 1734 δὲ
979 1696 1058 1734 τῶν
1088 1693 1381 1748 στρατιωτικῶν
1410 1687 1652 1745 ἡγουμένους

295 1808 317 1844 4
341 1805 475 1853 ὅρκους
497 1809 592 1844 Ιίδτίε
622 1820 699 1844 corr
720 1813 757 1845 S.
894 1811 916 1846 8
941 1807 970 1844 αἱ
993 1810 1064 1845 LP.

204 1911 247 1944 ab
273 1921 315 1943 eo
342 1914 484 1955 accepta
506 1914 678 1956 potestate
703 1911 824 1955 agendi
844 1911 1002 1956 quicquid
1022 1911 1254 1956 expediturum
1269 1909 1319 1944 rei
1335 1909 1491 1955 publicae
1505 1908 1651 1954 putaret,

202 1956 261 1989 tali
276 1956 418 1999 quodam
436 1957 535 1989 modo
552 1957 733 2000 periculum
750 1958 885 1990 urbibus
900 1958 1070 1990 imminens
1087 1956 1223 1990 avertit.
1251 1956 1420 1989 arcessitis
1435 1955 1476 1987 ad
1491 1965 1529 1987 se
1544 1952 1651 1986 omni-

201 2003 265 2035 bns
282 2001 431 2034 ordinum
448 2001 637 2036 militarium
653 2003 835 2046 praefectis
852 2008 887 2035 et
900 2002 1116 2036 sacramentis
1138 2001 1284 2042 exactis,
1306 1999 1475 2034 consilium
1493 1998 1582 2043 quod
1596 1998 1650 2031 in-

204 2046 369 2080 stituisset
398 2058 471 2079 cum
498 2048 546 2079 eis
573 2047 803 2082 communicat.
849 2048 916 2090 illi,
940 2047 1108 2092 perceptis
1131 2047 1171 2080 iis
1195 2057 1283 2090 quae
1306 2050 1419 2078 essent
1441 2043 1649 2088 peragenda,

203 2102 358 2125 rumores
374 2091 463 2124 inter
479 2092 654 2124 cuiuslibet
669 2092 760 2125 urbis
776 2094 938 2127 barbaros
955 2093 1086 2133 didunt,
1109 2092 1341 2136 imperatorem
1357 2089 1457 2132 largis
1472 2088 1650 2123 admodum

204 2136 397 2170 muneribus
422 2147 479 2169 eos
503 2137 643 2170 afficere
663 2137 768 2178 velle,
792 2149 854 2171 nec
871 2138 1041 2182 pecuniam
1058 2138 1222 2170 duntaxat
1237 2146 1351 2168 verum
1367 2135 1466 2168 etiam
1481 2145 1582 2177 agros
1595 2132 1650 2167 di-

204 2182 422 2215 stributurum
439 2181 471 2214 in
487 2193 619 2225 omnes,
644 2186 683 2214 ut
697 2194 755 2216 eos
771 2183 814 2215 ad
830 2195 920 2217 suam
936 2189 969 2216 et
986 2183 1097 2227 populi
1117 2181 1255 2217 Romani
1273 2180 1450 2214 amicitiam
1466 2179 1649 2223 pelliceret.

206 2228 353 2271 ideoque
379 2228 539 2260 iubebant
566 2232 603 2260 ut
630 2231 721 2260 certo
749 2228 790 2261 ad
818 2229 883 2261 hoc
899 2229 946 2261 eis
961 2228 1016 2261 die
1031 2232 1156 2261 statuto
1171 2228 1258 2260 intra
1274 2225 1475 2269 metropoles
1491 2222 1649 2258 conveni-

206 2277 294 2310 rent.
341 2284 402 2316 per
425 2273 484 2305 has
510 2271 588 2305 elati
615 2283 693 2316 spes
708 2273 845 2306 barbari
859 2274 1004 2306 nonnihil
1019 2273 1061 2305 de
1074 2272 1246 2305 iracundia
1260 2271 1369 2314 deque
1384 2270 1542 2304 struendo
1557 2268 1651 2302 urbi-

206 2318 268 2350 bus
289 2317 391 2350 exitio
405 2317 598 2358 remittunt,
619 2322 654 2350 et
669 2324 863 2361 exspectato
881 2318 934 2350 die
950 2317 1149 2362 praestituto
1161 2345 1171 2358 ,
1194 2327 1260 2360 quo
1285 2315 1406 2358 singuli
1432 2315 1549 2348 venire
1565 2313 1648 2346 iussi

205 2364 359 2406 fuerant,
382 2363 565 2399 confluunt.
610 2373 683 2395 cum
712 2368 822 2396 autem
852 2363 973 2396 milites
1003 2374 1135 2407 quoque
1166 2362 1277 2395 datam
1304 2361 1367 2393 sibi
1391 2364 1555 2394 tesseram
1580 2369 1648 2392 nou

204 2407 409 2451 ignorarent,
432 2407 603 2451 occupatis
618 2407 718 2441 tectis
738 2418 824 2451 quae
840 2419 957 2441 versus
973 2409 1079 2441 forum
1097 2406 1268 2452 quodlibet
1281 2406 1494 2449 spectabant,
1515 2404 1648 2447 ingres-

205 2464 262 2486 sos
287 2454 449 2486 barbaros
464 2453 626 2497 lapidibus
643 2456 678 2485 et
693 2453 766 2485 telis
782 2453 946 2497 tantisper
963 2458 1101 2496 petunt,
1126 2453 1232 2486 donee
1259 2450 1424 2484 universis
1440 2450 1482 2483 ad
1496 2450 1649 2482 interue-

204 2498 332 2532 oionem
349 2498 470 2532 deletis
482 2499 582 2532 urbes
597 2497 777 2532 orientales
791 2498 969 2531 imminenti
984 2499 1156 2532 formidine
1170 2497 1377 2530 liberassent.
1411 2522 1419 2526 .

295 2545 349 2578 27.
395 2545 442 2577 Et
470 2545 591 2576 damna
619 2542 750 2587 quidem
761 2568 771 2584 ‚
792 2554 878 2586 quae
905 2555 965 2587 per
991 2544 1164 2576 Orientem
1190 2549 1226 2575 et
1243 2542 1423 2575 Thraciam
1441 2539 1643 2580 acciderant,

206 2589 330 2621 exitum
352 2589 558 2632 huiusmodi,
580 2588 766 2632 sagacitate
787 2587 925 2629 ducum,
955 2589 1155 2622 hahuerunt.
1200 2587 1383 2631 imperator
1401 2590 1512 2619 autem
1527 2584 1647 2618 Theo·

207 2633 338 2675 dosius,
376 2634 486 2669 adhuc
505 2633 766 2674 Thessalonicae
779 2632 924 2676 degens,
955 2634 1153 2666 adeuntibus
1167 2633 1223 2666 ille
1237 2633 1370 2676 quidem
1385 2630 1492 2664 facilis
1507 2639 1646 2663 accessu

206 2678 403 2722 videbatur,
427 2679 487 2712 sed
504 2691 524 2712 a
540 2679 712 2722 voluptate
726 2677 993 2722 negligentiaque
1009 2690 1146 2712 exorsus
1160 2678 1331 2722 imperium
1347 2675 1460 2709 officia
1474 2673 1648 2719 praeposi-

207 2729 316 2757 turum
331 2724 380 2758 rei
393 2724 547 2771 publicae
560 2725 814 2770 magistratuum
830 2723 1061 2768 conturbavit,
1094 2730 1128 2758 et
1141 2735 1251 2758 rerum
1265 2721 1454 2773 militarium
1467 2722 1570 2756 duces
1583 2729 1647 2753 nu-
