1812 3016
287 72 379 122 174
903 79 1099 123 ZOSIMI
1176 115 1193 130 ε

965 321 1041 379 Δ.

291 431 383 503 Τὰ
410 459 484 514 μὲν
513 453 584 502 οὖν
604 458 698 516 ἄχρι
723 463 795 514 τῆς
817 458 1015 513 ’Ῑοβιανοῧ
1037 464 1243 516 τελευτῆς,
1276 459 1375 515 μεθ’
1405 458 1451 504 ὃν
1475 460 1728 505 Οὗαλεντινι-

282 529 378 579 ανός
402 527 534 586 ᾑρέθη
566 533 645 571 τῶν
671 527 904 582 Ῥωμαϊκῶν
932 527 1172 585 προεστάναι
1210 527 1479 586 πραγμάτων,
1508 532 1550 572 ἓν
1567 535 1624 588 ,τῇ
1650 531 1728 588 πρὸ

281 595 430 651 ταύτης
459 597 689 651 ἀνείληπται
713 598 858 653 βίβλῳ.
925 595 1046 639 νόσου
1078 598 1122 639 δὲ
1147 597 1250 639 κατὰ
1269 598 1342 652 τὴν
1359 596 1453 640 ὁδὸν
1471 597 1729 653 ε’νσκηψάσης

281 665 392 722 αὐτῷ
423 667 491 706 καὶ
515 665 560 707 τὸ
595 664 714 722 φύσει
743 665 844 721 πρὸς
872 665 993 722 ὀργὴν
1014 670 1087 707 τοῦ
1109 665 1255 722 ἀνδρὸς
1280 667 1437 719 ἕτοιμον
1457 668 1513 717 εἷς
1538 666 1727 721 ὠμότητα

276 735 438 787 μείζονα
462 735 530 774 καὶ
558 733 804 790 παραφορὰν
829 732 957 790 ἄκραν
983 732 1284 788 ἅναστησὰσης,
1318 732 1477 788 ὑποψία
1499 735 1573 788 μέν
1605 734 1759 784 αὖτὸν5

279 799 400 858 εῗσῄει
419 801 576 855 ψευδὴς
597 799 652 850 ὡς
673 801 715 842 ἔκ
731 818 837 851 τινος
858 802 1039 857 γοητείας
1058 800 1135 844 ὑπὸ
1161 806 1240 844 τῶν
1262 802 1479 844 Ἰουλιανοῦ
1501 804 1630 859 φίλων
1651 803 1728 845 αὗ-

278 873 336 926 τῷ
357 870 680 925 σκευωρηθείσης
695 870 831 923 νοσοίη
842 901 854 920 ,
884 871 1117 925 κατηγορίαι
1137 870 1180 911 δὲ
1195 868 1298 912 κατά
1318 887 1436 912 τινων
1457 865 1561 925 ἦσαν
1579 871 1727 928 ἐπιφα-

276 941 376 988 νῶν,
413 935 462 986 ἃς
490 937 670 996 ἀγχινοίᾳ
698 954 740 978 τε
768 938 834 978 καὶ
854 936 1043 993 φρονήσει
1066 937 1216 979 διέλυεν
1235 936 1256 979 ὃ
1280 941 1352 992 τῆς
1377 937 1503 993 αὐλῆς
1525 937 1726 995 ὕπαρχος·

275 999 326 1058 ἦν
348 1005 391 1046 δὲ
411 1004 468 1046 ἔτι
486 1003 745 1054 Σαλούστιος.
805 1004 995 1059 ἐνδούσης
1015 1006 1058 1046 δὲ
1079 1005 1190 1063 αὐτῷ
1207 1009 1280 1060 τῆς
1295 1004 1429 1058 νόσου,
1464 1010 1535 1061 τῆς
1552 1009 1728 1057 Νικαίας

276 1072 513 1122 ἀπαναστὰς
529 1075 585 1122 εἰς
607 1073 679 1127 τὴν
704 1071 1127 1115 Κωνσταντινούπολιν
1147 1074 1393 1130 παρεγένετο.
1439 1079 1513 1117 τοῦ
1532 1075 1575 1116 δὲ
1599 1091 1723 1132 στρα-
1737 1087 1781 1121 1ο

274 1141 445 1182 τοπέδου
478 1142 546 1182 καὶ
576 1145 656 1182 τῶν
693 1140 826 1183 ἄλλων
855 1141 955 1198 πρὸς
985 1141 1106 1183 αὐτὸν
1121 1141 1350 1196 ἐπιτηδείως
1367 1139 1538 1195 ἐχόντων
1560 1141 1726 1185 ἑλέσθαι

274 1208 463 1250 κοινωνὸν
478 1213 551 1261 τῆς
563 1211 771 1261 βασιλείας
789 1207 1141 1266 παρακαλούντων,
1161 1208 1269 1259 ὅπως
1287 1209 1400 1260 εἴτις
1418 1216 1503 1260 τοῖς
1517 1209 1726 1267 πράγμασι

273 1278 454 1330 συμβαίη
477 1278 727 1333 περίστασις,
763 1276 887 1330 ἔχοιεν
907 1277 975 1319 τὸν
997 1275 1315 1331 ἆντιληψόμενον
1334 1279 1401 1319 καὶ
1418 1278 1476 1332 μὴ
1496 1278 1626 1321 ταύτὰ
1644 1277 1725 1320 πά-

214 1372 216 1375 -
271 1348 386 1386 θοιεν
414 1342 475 1393 οἷς
504 1345 567 1385 ε’πὶ
601 1349 673 1398 τῆς
701 1345 922 1386 Ἰουλιανοῦ
956 1343 1182 1386 πεπόνθασι
1210 1349 1415 1398 τελευτῆς,
1459 1348 1641 1388 πείθεται
1673 1351 1726 1403 τῇ

270 1413 524 1467 παραινέσει,
560 1413 628 1454 καὶ
656 1412 838 1469 στρέψας
869 1414 910 1454 ἓν
945 1410 1055 1469 αὑτῷ
1081 1410 1243 1467 γνώμην
1266 1414 1310 1454 ἐκ
1335 1411 1496 1455 πάντων
1519 1408 1575 1455 ὧν
1603 1413 1723 1468 ἔλαβε
1736 1425 1779 1460 15

51 1478 264 1514 νᾶῐθῐὶΐῖῐὶἷᾶ-
273 1479 376 1522 κατὰ
397 1484 492 1521 νοῦν
515 1478 722 1521 Οὐάλεντα
742 1479 811 1521 τὸν
833 1479 1008 1536 ἀδελφὸν
1028 1480 1208 1539 αἱρεῖται,
1227 1479 1465 1523 πιστότατον
1485 1481 1596 1540 αὐτῷ
1620 1481 1724 1524 πάν-

49 1525 349 1605 nuslgsta-va
368 1545 618 1603 ἡγησάμενος
640 1547 821 1591 ἔσεσθαι.
887 1553 1030 1591 ’τοῦτον
1051 1552 1148 1604 γοῦν
1173 1549 1423 1592 ἀναδείκνυσι
1442 1549 1630 1593 κοινωνὸν
1651 1554 1725 1606 τῆς

107 1629 139 1653 a.
154 1615 225 1654 364
270 1616 412 1673 ἀρχῆς.

359 1746 379 1780 1
401 1744 483 1789 τῆς]
507 1744 585 1779 libri
611 1744 679 1790 τῆς
702 1742 799 1789 περὶ.
958 1745 981 1780 3
1004 1744 1112 1780 malim
1136 1746 1386 1792 περιείληπται
1400 1746 1446 1783 R.
1603 1748 1626 1782 9
1647 1746 1720 1783 aliis

360 1791 528 1826 Salutius.
664 1791 811 1826 fortasse
833 1790 1083 1836 Νικομηδείας
1106 1792 1150 1827 R.

943 1957 1043 2015 IV.

339 2100 402 2123 uae
432 2086 535 2132 igitur
570 2090 668 2131 gesta
697 2088 833 2122 fuerunt
862 2086 906 2122 ad
937 2088 1063 2123 obitum
1094 2100 1201 2135 usque
1234 2088 1386 2131 Ioviani,
1417 2092 1495 2136 post
1527 2101 1625 2136 quem
1647 2090 1719 2126 Va·

269 2135 473 2169 lentinianus
499 2134 606 2167 lectus
636 2133 700 2167 fuit
734 2134 785 2167 uti
811 2134 912 2167 rebus
938 2135 1096 2169 Romanis
1122 2141 1317 2180 praeesset,
1339 2136 1425 2169 libro
1449 2137 1612 2182 superiori
1627 2149 1720 2172 com—

268 2180 360 2226 plexi
376 2190 499 2214 sumus.
547 2189 621 2211 cum
637 2183 747 2212 autem
763 2180 897 2213 morbus
913 2180 947 2213 in
969 2180 1089 2214 itinere
1103 2180 1370 2215 Valentinianum
1395 2181 1594 2224 invasisset,
1615 2187 1719 2237 atque

270 2226 433 2260 hominem
449 2225 490 2258 ad
506 2223 589 2257 iram
605 2228 724 2257 natura
739 2225 920 2268 proclivem
936 2225 1093 2260 maiorem
1111 2226 1153 2259 ad
1168 2226 1399 2260 crudelitatem
1415 2232 1452 2261 et
1466 2233 1650 2262 extremam
1667 2240 1718 2262 m-

266 2271 391 2305 saniam
408 2269 606 2314 impulisset,
621 2269 839 2313 suspicionem
856 2271 972 2304 salsam
990 2271 1199 2315 concipiebat
1213 2272 1309 2316 quasi
1325 2283 1367 2305 ex
1383 2272 1546 2306 veneficio
1563 2273 1718 2317 quodam,

265 2316 385 2351 Iuliani
401 2315 578 2349 amicorum
595 2313 716 2347 fraude
732 2320 861 2359 parato,
885 2321 1092 2359 aegrotaret.
1138 2322 1174 2350 et
1191 2317 1421 2350 accusationes
1438 2318 1598 2352 adversus
1612 2329 1717 2363 quos-

264 2363 339 2396 dam
364 2362 514 2395 illustres
539 2359 821 2400 instituebantun
854 2372 937 2404 quas
960 2361 1145 2405 sagacitate
1169 2361 1415 2406 prudentiaque
1442 2374 1504 2397 sua
1520 2364 1717 2409 praefectus

263 2407 426 2453 praetorii
441 2403 656 2440 discutiebat.
702 2416 742 2437 eo
758 2416 892 2438 munere
907 2406 1076 2440 Salustius
1097 2406 1207 2440 adhuc
1228 2407 1442 2450 fungebatur.
1489 2420 1562 2442 cum
1581 2409 1716 2442 morbus

263 2453 464 2494 remisisset,
486 2451 620 2484 Nicaea
645 2449 763 2483 relicta
788 2451 920 2494 cpolim
944 2452 1099 2487 accessit.
1145 2452 1295 2485 exercitu
1310 2453 1500 2498 ceterisque
1514 2454 1716 2488 necessariis

262 2497 497 2540 hortantibus,
523 2494 652 2540 imperii
668 2500 852 2528 consortem
878 2496 941 2528 sibi
968 2497 1155 2540 deligeret,
1178 2503 1237 2538 ut,
1261 2497 1289 2530 si
1317 2499 1390 2542 quis
1417 2510 1514 2532 casus
1536 2498 1715 2539 accideret,

264 2554 330 2576 non
359 2543 495 2576 deesset
517 2540 574 2585 qui
599 2540 701 2575 rebus
727 2551 824 2585 opem
850 2542 975 2582 serret3
1007 2554 1070 2575 nec
1090 2542 1205 2575 eadem
1229 2548 1487 2587 perpeterentur
1502 2555 1588 2588 quae
1604 2548 1731 2577 morte‘

263 2588 382 2621 Iuliani
399 2585 552 2632 perpessi
567 2585 726 2626 fuissent,
747 2585 824 2619 huic
839 2586 1053 2620 admonitioni
1067 2587 1297 2631 obtemperat,
1320 2589 1496 2633 animoque
1510 2598 1622 2621 secum
1638 2589 1714 2622 hinc

263 2633 343 2666 inde
357 2638 519 2673 versato,
544 2631 586 2664 de
608 2631 736 2665 cunctis
785 2642 847 2665 uos
873 2636 982 2664 mente
1003 2637 1208 2675 conceperat
1225 2633 1400 2667 Valentem
1422 2636 1559 2668 fratrem
1581 2633 1714 2678 deligit,

264 2682 361 2711 ratus
384 2679 472 2713 hunc
486 2676 627 2712 omnium
652 2676 719 2712 sibi
741 2643 934 2712 fidissimum
948 2678 1034 2712 fore.
1079 2677 1170 2712 illum
1185 2677 1290 2722 igitur
1304 2678 1434 2724 imperii
1448 2684 1637 2714 consortem
1649 2690 1715 2724 ap-

265 2722 381 2768 pellat.
