1774 3002
275 105 333 150 18
886 103 1082 148 ZOSIMI

269 219 334 260 καὶ
357 213 547 274 πρότερον
566 214 781 273 ἀλλοτρίως
799 215 899 273 πρὸς
929 215 1049 258 αὐτὸν
1077 215 1321 271 διακείμενα,
1353 213 1442 263 τότε
1465 215 1519 271 δὴ
1547 220 1702 271 μᾶλλον

269 284 370 342 πρὸς
399 282 617 326 ἀπόστασιν
646 284 892 340 ἐξηρέθιστο.
958 283 1155 341 τραπέντα
1185 285 1229 326 δὲ
1263 286 1319 334 εἷς
1339 284 1596 341 νεωτερισμὸν
1617 283 1703 340 ἄγει

55 356 500 406 ΜεκῑωίηιιελΡΙαξιμῖνον
529 354 584 401 εἷς
605 353 833 406 βασιλείαν,
867 349 955 394 τότε
982 356 1054 406 τῆς
1071 354 1291 407 Παιονικῆς
1314 351 1404 406 ἴλης
1433 349 1702 408 ἐξηγούμενον.

120 417 149 440 ³·
179 405 246 441 935
269 422 336 463 καὶ
357 422 588 473 Μαξιμῖνος
607 420 680 473 μὲν
704 419 777 469 τὰς
796 421 882 476 περὶ
908 419 1027 462 αὐτὸν
1045 418 1231 474 δυνάμεις
1255 419 1414 477 ἀγείρας
1434 419 1497 461 ἐπὶ
1514 419 1586 474 τὴν
1597 419 1702 462 Ἰτα-

268 491 358 531 λίαν
383 486 606 544 ἐξώρμησεν
615 519 630 539 ,
665 486 928 544 ἀπαρασκεύῳ
956 491 1014 545 τῷ
1038 491 1201 541 βασιλεῖ
1221 487 1318 546 ῥᾷον
1351 485 1528 540 οἰόμενος
1557 485 1733 541 {nativi-5

268 559 436 600 σεσθαι·
463 555 718 611 Ἀλέξανδρος
740 556 783 598 δὲ
806 557 846 597 ἐν
865 561 947 604 τοῖς
966 557 1054 611 περὶ
1074 555 1142 597 τὸν
1153 554 1299 610 ζΡῆνον
1323 553 1455 597 ἔθνεσι
1475 555 1702 611 διατρίβων,

267 624 422 666 κάκεῖσε
439 623 490 665 τὰ
510 623 816 679 νεωτερισθὲντα
835 621 1003 676 μαθών,
1036 627 1108 676 τῆς
1127 623 1190 664 ἐπὶ
1210 623 1282 677 τὴν
1298 620 1464 677 ςΡώμην
1484 622 1607 676 εἷβζετο
1626 638 1702 663 πο-

267 693 388 747 ρείας.
453 688 783 745 ἐπαγγελλόμενος
815 692 858 732 δὲ
886 697 968 740 τοῖς
983 689 1244 746 στρατιώταις
1266 691 1332 731 καὶ
1354 690 1463 746 αὐτῷ
1482 691 1702 746 Μαξιμίνῳ

265 756 498 814 συγγνώμην
530 759 564 798 εἷ
593 764 675 807 τοῖς
707 759 990 814 ἐγχειρηθεῖσιν
1022 759 1187 809 ἐνδοῖεν,
1221 756 1276 807 ὡς
1301 757 1374 811 οὐχ
1399 755 1482 806 οἷός
1505 774 1547 799 τε
1571 757 1700 812 γε’γονε

264 825 429 875 τούτους
447 823 747 880 ὗπαγαγέσθαι,
782 825 930 876 πάσαις
961 826 1155 881 ἀπογνοὺς
1180 832 1267 874 ταῖς
1290 826 1439 867 ε’λπίσιν
1456 822 1597 866 ἑαυτὸν
1615 825 1700 865 ἔπι-
1713 831 1774 865 10:

266 894 409 935 δέδωκε
439 891 585 948 τρόπον
614 893 703 934 τινὰ
731 897 780 949 τῇ
809 897 957 949 σφαγῇ.
1033 896 1215 946 ΖΠαμαῖα
1241 893 1284 934 δὲ
1309 896 1566 948 προελθοῦσα
1599 892 1700 944 μετὰ

264 965 343 1002 τῶν
372 958 562 1016 ὑπάρχων
593 960 636 1001 ἐκ
668 965 739 1014 τῆς
771 961 895 1014 αὐλῆς
920 960 974 1010 ὡς
1001 962 1050 1015 δὴ
1083 961 1154 1014 τὴν
1179 960 1358 1016 ταραχὴν
1386 958 1700 1002 καταπαύσουσα

263 1026 364 1083 αὐτή
387 1045 427 1070 τε
447 1026 766 1083 κατασφάττεται
787 1030 852 1069 καὶ
880 1029 918 1070 οἳ
938 1027 1108 1084 ὕπαρχοι
1131 1028 1202 1070 σὺν
1219 1028 1334 1084 αὐτῇ.
1454 1025 1457 1028 ’

399 1099 486 1148 Τῆς
515 1096 558 1136 δὲ
583 1097 788 1148 βασιλείας
811 1095 889 1150 ἤδη
918 1097 1092 1149 βεβαίως
1125 1095 1236 1151 παρὰ
1268 1094 1502 1148 Μαξιμίνου
1533 1110 1699 1146 κατεχο-

261 1163 401 1216 μένης,
430 1163 471 1204 ἒν
494 1164 730 1221 μεταμελείᾳ
760 1162 901 1212 πάντες
926 1159 1028 1217 ἦσαν
1055 1161 1109 1212 ὡς
1135 1164 1348 1218 τυραννίδα
1373 1161 1517 1217 πικρὰν
1535 1162 1698 1217 μετρίας
1709 1169 1774 1204 15·“

261 1228 524 1283 ἀλλαξάμενοι
543 1232 759 1282 βασιλείας.
825 1231 960 1284 γένους
983 1231 1059 1285 γὰρ
1081 1230 1135 1271 ὢν
1155 1230 1355 1286 ἀφανοῦς,
1385 1228 1471 1281 ἅμα
1487 1232 1546 1285 τῷ
1564 1245 1698 1284 παρα-

259 1302 395 1350 λαβεῖν
427 1297 498 1350 τὴν
528 1295 675 1352 ἀρχήν,
711 1295 788 1338 ὅσα
813 1296 928 1352 φύσει
961 1301 1113 1353 προσῆν
1142 1297 1251 1354 αὐτῷ
1275 1294 1614 1349 πλεονεκτήματα,
1647 1299 1699 1351 τῇ

258 1369 330 1418 τῆς
355 1365 534 1413 ἔξουσίας
566 1362 769 1419 ἕξηφάνιζε
808 1367 1010 1422 παρρησίᾳ
1042 1366 1107 1405 καὶ
1141 1369 1261 1405 πᾶσιν
1292 1362 1494 1420 ἀφόρητος
1520 1357 1593 1416 ἦν,
1622 1363 1698 1416 οὐχ

258 1430 429 1487 ὑβρίζων
446 1433 500 1480 εἷς
520 1430 612 1480 τοὺς
631 1432 672 1472 ἐν
689 1432 788 1472 τέλει
810 1430 932 1484 μόνον
940 1463 953 1483 ,
987 1432 1090 1472 ἀλλὰ
1118 1434 1184 1473 καὶ
1214 1431 1317 1484 μετὰ
1338 1429 1470 1484 πάσης
1493 1428 1697 1484 ὠμότητος

256 1505 341 1547 τοῖς
363 1497 569 1555 πράγμασι
591 1497 786 1554 προσιών,
820 1497 967 1551 μόνους
998 1500 1040 1540 δὲ
1062 1497 1296 1554 θεραπεύων
1313 1498 1407 1547 τοὺς
1426 1495 1694 1554 συκοφάντας,
1703 1491 1774 1548 we*

258 1565 344 1607 ὅσοι
364 1564 541 1618 μάλιστα
566 1566 659 1615 τοὺς
678 1564 1207 1622 ἀπράγμοναςαατεμήνυον
1231 1565 1286 1615 ὥς
1305 1563 1536 1622 ὀφείλοντάς
1556 1582 1593 1606 τι
1613 1571 1710 1614 τοῖς-

255 1637 478 1686 βασιλικοῖς
507 1635 709 1686 ταμιείοις.
789 1633 866 1688 ἤδη
899 1635 941 1675 δὲ
975 1636 1040 1676 καὶ
1071 1636 1125 1683 εἷς
1159 1632 1308 1689 φόνους
1338 1634 1523 1689 ἀκρίτους
1556 1630 1698 1688 ἐχώρει

253 1699 471 1758 χρημάτων
491 1701 698 1760 ἐπιθυμία,
713 1702 778 1742 καὶ
797 1700 872 1742 ὅσα
895 1705 973 1743 τῶν
987 1700 1137 1743 πόλεων
1149 1696 1198 1756 ἦν
1214 1703 1338 1742 οἰκεῖα
1349 1701 1481 1751 ἐποίει,
1500 1699 1602 1753 μετὰ
1622 1703 1694 1740 τοῦ

346 1819 369 1853 2
391 1815 595 1862 ἒξερὲθιστο
618 1818 687 1855 LP.
824 1820 866 1854 18
889 1815 1040 1862 ἕξέφανε
1055 1819 1089 1852 R
1103 1830 1144 1853 ex
1158 1819 1230 1854 LP.

255 1919 337 1962 mis,
362 1924 441 1952 tunc
463 1918 570 1962 magis
592 1918 635 1951 ad
659 1918 880 1953 defectionem
902 1919 1133 1954 irritabantur.
1178 1919 1322 1963 ideoque
1346 1918 1391 1952 ad
1414 1917 1558 1951 studium
1580 1927 1692 1953 rerum

255 1974 416 1997 novarum
433 1963 585 1997 conversi
600 1963 815 1997 Maximinum
838 1965 879 1998 ad
901 1965 1073 2010 imperium
1097 1964 1263 2005 efferunt,
1286 1964 1321 1996 id
1339 1963 1495 2007 temporis
1514 1962 1587 1996 alae
1600 1962 1694 1996 Pan-

255 2008 393 2042 nonicae
417 2008 543 2042 ducem.
591 2008 788 2041 Maximinus
813 2009 962 2042 omnibus
985 2009 1087 2053 copiis
1110 2008 1342 2052 praesentibus
1364 2008 1490 2041 coactis
1512 2007 1546 2040 in
1560 2008 1691 2041 Italiam

253 2053 427 2098 profectus
451 2059 503 2087 est
513 2078 523 2094 ‚
545 2053 724 2086 arbitratus
739 2065 776 2086 se
790 2054 918 2087 facilius
932 2054 1163 2099 imperatorem
1181 2054 1289 2086 adhuc
1301 2053 1496 2096 imparatum
1511 2052 1692 2096 adgressu-

254 2109 338 2132 rum.
385 2097 573 2131 Alexander
588 2102 698 2130 autem
712 2098 800 2142 apud
813 2098 895 2131 sitas
910 2099 952 2131 ad
975 2100 1124 2131 Rhenum
1143 2102 1262 2141 gentes
1277 2098 1554 2138 commorabatur,
1576 2097 1692 2141 ibique

254 2154 366 2177 rerum
396 2147 589 2176 novatarum
615 2147 752 2187 accepto
776 2143 889 2176 nuntio
911 2144 1047 2176 Romam
1073 2143 1236 2177 continuis
1257 2142 1430 2176 itineribus
1448 2142 1688 2184 contendebat3

254 2198 393 2232 cumque
413 2193 481 2221 tam
505 2187 661 2220 militibus
682 2198 781 2232 quam
803 2188 869 2233 ipsi
884 2187 1064 2221 Maximino
1079 2188 1208 2221 veniam
1223 2187 1438 2232 polliceretur
1449 2213 1460 2229 ,
1482 2187 1511 2221 si
1527 2199 1548 2220 a
1562 2187 1692 2232 coeptis

253 2232 463 2274 desisterent,
484 2236 702 2276 posteaquam
725 2233 814 2265 dicto
838 2236 995 2277 parentes
1021 2233 1158 2266 efficere
1184 2244 1249 2266 non
1276 2237 1423 2276 poterat,
1445 2243 1508 2276 spe
1525 2231 1612 2266 omni
1627 2232 1691 2265 ab-

252 2278 342 2311 iecta
363 2289 399 2311 se
421 2277 526 2321 ipsum
551 2277 692 2321 quodam
715 2277 809 2310 modo
835 2277 927 2310 caedi
951 2278 1082 2312 obtulit.
1127 2277 1280 2311 Mamaea
1305 2288 1386 2310 vero
1410 2287 1484 2310 cum
1506 2276 1690 2321 praefectis

253 2332 391 2367 egressa
404 2322 572 2367 praetorio
582 2346 592 2363 ‚
615 2322 708 2366 quasi
722 2322 895 2355 tumultum
920 2323 1077 2356 sedatura
1087 2347 1095 2361 ‚
1120 2334 1192 2355 cnm
1207 2322 1386 2367 praefectis
1401 2326 1436 2355 et
1450 2321 1525 2366 ipsa
1538 2326 1688 2355 necatur.
1754 2314 1774 2380 ἐξ

342 2367 522 2400 Maximino
543 2367 609 2400 iam
633 2367 814 2400 stabilitum
835 2367 1004 2400 detinente
1024 2367 1204 2412 imperium,
1227 2367 1388 2400 neminem
1411 2377 1478 2399 non
1494 2367 1690 2410 paenitebat
1755 2389 1759 2393 -

253 2412 345 2457 quod
367 2413 520 2446 acerbam
542 2411 749 2455 tyrannidem
774 2412 944 2445 moderato
972 2423 1043 2445 cum
1064 2411 1204 2457 imperio
1219 2414 1486 2446 commutassent.
1531 2421 1607 2444 nam
1625 2412 1691 2444 ob-
1736 2427 1761 2439 ν

250 2468 348 2491 scuro
372 2461 467 2491 natus
489 2467 611 2500 genere
627 2456 848 2497 Maximinus,
867 2467 941 2490 cum
966 2457 1103 2501 primum
1119 2457 1304 2501 accepisset
1318 2457 1508 2501 imperium,
1531 2455 1651 2500 quibus
1666 2466 1688 2488 a

250 2507 373 2536 natura
389 2501 558 2547 praeditus
573 2506 659 2534 esset
673 2501 761 2534 vitiis
772 2526 781 2542 ‚
804 2501 877 2546 ipsa
901 2502 1080 2546 potestatis
1098 2502 1232 2535 licentia
1246 2501 1416 2554 prodidit3
1439 2500 1590 2544 adeoque
1604 2507 1688 2534 cun-
1752 2495 1761 2540 J

252 2547 316 2580 ctis
338 2554 410 2581 erat
430 2545 663 2587 intolerabilis,
688 2557 752 2579 non
775 2551 903 2580 tantum
928 2547 1055 2580 iniuriis
1081 2547 1230 2580 afficiens
1247 2557 1281 2579 1n
1296 2546 1460 2590 dignitate
1475 2545 1686 2588 constitutos,

251 2601 368 2624 verum
393 2592 492 2626 etiam
515 2602 589 2624 cum
610 2591 696 2624 omni
719 2591 916 2624 crudelitate
930 2592 1063 2634 negotia
1077 2596 1236 2631 tractans,
1259 2591 1415 2635 solosque
1429 2589 1687 2624 calumniatores

255 2636 389 2676 colens,
414 2637 471 2681 qui
492 2637 685 2682 praesertim
703 2636 841 2680 cupidos
863 2636 984 2679 quietis
1001 2636 1148 2670 homines
1163 2635 1360 2670 deferebant
1372 2635 1468 2669 velut
1481 2634 1686 2679 imperatorii

254 2680 328 2713 fisci
344 2681 521 2715 debitores.
566 2681 706 2714 avaritia
721 2681 863 2725 denique
882 2686 989 2714 motus
1007 2681 1050 2714 ad
1075 2682 1195 2715 caedes
1210 2681 1358 2713 inaudita
1373 2689 1474 2713 causa
1488 2679 1686 2723 progredie-

254 2725 375 2768 batur-3
399 2730 434 2759 et
458 2737 543 2771 quae
565 2725 810 2771 municipiorum
836 2732 948 2769 erant,
979 2726 1043 2761 sibi
1067 2726 1276 2769 vindicabat,
1308 2725 1485 2760 facultates
1508 2729 1684 2769 praeterea
