1812 3016
372 108 808 156 COMMENTARIUS
837 105 1186 152 HISTORICUS.
1404 104 1499 153 361

69 221 270 263 Ana-'odo
289 228 385 273 poet
404 228 565 272 capuan
596 221 843 259 Demetrium
866 221 912 257 in
942 232 1063 270 regno
1102 218 1242 269 Syriae
1274 218 1499 263 commuto,

69 278 115 319 id
137 277 246 332 quod
269 276 321 316 de
346 276 541 316 Antiocho
566 276 700 316 Sidete
722 278 795 314 erit
816 273 1109 327 accipiendum,
1138 274 1338 311 Demetrio
1360 286 1383 310 a
1400 274 1499 311 Par-

68 333 150 375 thi-
165 341 278 387 oapto
294 341 387 372 ante
403 334 447 372 G.
466 347 508 372 n·
527 333 620 375 141.
676 333 858 371 convenit
879 332 963 370 fere
986 338 1143 382 tempus
1169 328 1212 367 h.
1238 331 1268 367 l.
1295 342 1318 367 a
1338 331 1498 367 Zosimo

68 397 262 430 nomam.
316 403 413 428 nam
433 387 667 428 Nicomedes
691 387 923 439 Philopator
946 389 1049 439 patri
1075 387 1262 424 successit
1286 387 1449 423 Prusiae
1474 388 1504 427 2
1536 431 1541 435 ⁹

68 447 254 486 Venatori
271 452 361 484 ante
377 446 423 484 Ο.
439 458 482 483 n.
504 444 603 492 149,
633 445 743 483 cuius
769 443 934 482 iusidias
960 443 1036 481 sibi
1054 443 1178 480 factas
1195 442 1301 479 ultus
1320 448 1379 479 est
1397 442 1502 479 filius

70 503 221 541 anxilio
236 503 362 541 Attali
377 498 650 552 Philadelphi,
678 501 783 551 regis
800 501 1148 550 Pergamenorum.
1205 499 1389 549 exposuit
1417 510 1505 535 rem

69 557 183 597 docte
200 556 445 597 Freinshem.
462 557 791 608 supplem-Livii
808 556 879 594 lib.
901 556 971 596 50.
1026 555 1104 592 alio
1129 561 1263 591 tamen
1287 554 1375 590 loco
1394 555 1504 590 Pau-

69 616 201 654 natu
227 615 315 666 ipse
341 626 413 653 sua
438 614 570 650 vineta
598 611 748 660 caedit,
777 625 811 650 c.
846 612 895 653 15
921 624 963 662 p.
991 612 1095 658 833,
1132 610 1202 647 ubi
1230 610 1433 646 Gallorum
1460 610 1503 646 in

66 671 204 710 Asiam
222 671 425 708 traiectum
441 682 464 707 a
478 667 708 707 Phaennide
724 674 850 705 aetate
862 681 964 712 una,
984 674 1198 718 antequam
1214 679 1275 703 res
1285 672 1503 716 gereretur,

67 724 308 778 praedictam
333 731 486 773 narrat,
514 725 685 762 carmine
717 736 873 776 quoque
903 724 1105 774 apposito:
1146 724 1255 774 atqui
1282 723 1408 759 factus
1433 721 1503 758 ille

68 783 253 821 animun
279 781 353 820 sub
381 793 529 819 annum
559 787 651 818 ante
682 781 725 818 C.
756 793 798 817 n.
823 779 904 821 275
932 777 1148 826 Nicomede
1169 777 1380 829 Bithyniae
1408 789 1502 828 rege

70 838 316 877 manili-nte.
372 836 428 876 ad.
451 837 522 874 illa
547 843 680 874 tamen
705 843 882 886 tempora
902 848 1038 872 versus
1060 835 1108 871 ab
1131 836 1218 885 ipso
1237 832 1415 871 laudatos
1436 846 1502 870 re-

69 894 219 945 spinea-e
247 892 417 932 dubitari
441 894 592 944 nequit.
647 899 691 929 ut
711 890 811 929 adeo
832 892 874 928 in
893 889 969 928 hoc
991 903 1146 942 quoque
1166 897 1254 927 vate
1273 890 1423 926 factum
1438 890 1502 926 vi·

69 948 188 998 dm,
214 956 258 988 ut
276 950 428 987 nomini
448 949 551 986 claro
571 948 832 986 tribuerentur
849 947 948 994 alia,
978 953 1104 983 aetate
1130 953 1168 983 et
1187 947 1415 983 auctoritate
1437 943 1501 982 di-

67 1018 195 1044 versa.
251 1012 423 1043 ceterum
439 1016 519 1043 ηε.
538 1017 572 1041 c.
590 1006 643 1045 37
666 1016 719 1041 ex
743 1002 907 1041 diversis
930 1001 1173 1040 diversorum
1188 1008 1411 1052 temporum
1429 1014 1502 1038 va-

68 1062 216 1099 ticiniis
228 1062 272 1098 in
289 1073 415 1099 unum
431 1061 624 1110 congestis
636 1089 648 1108 ,
675 1061 804 1111 iisque
825 1060 930 1097 varie
949 1059 1213 1109 interpolatis,
1243 1064 1419 1094 constare
1437 1057 1502 1094 vi-

69 1115 223 1155 dentur.
277 1117 427 1168 priores
451 1116 652 1154 oraculum
677 1113 882 1152 Nicomedi
910 1113 1046 1151 datum
1061 1113 1273 1152 exhibent:
1302 1120 1362 1150 est
1380 1114 1414 1151 is
1433 1126 1501 1150 rex

75 1173 293 1218 Thracum,
322 1170 365 1210 h.
385 1170 647 1223 Bithynorum
665 1173 796 1222 stirpis
813 1169 1041 1208 Thracicae.
1099 1171 1259 1208 consilia
1281 1169 1350 1206 ille
1373 1170 1501 1220 agita·-

66 1228 138 1267 bat
152 1229 196 1265 in
209 1229 466 1280 Byzantium:
494 1226 566 1265 sed
582 1240 654 1265 suo
671 1239 762 1265 cum
780 1227 916 1274 exitio,
946 1239 1083 1263 verum
1097 1228 1140 1264 in
1155 1224 1218 1263 his
1233 1238 1355 1262 verss.
1373 1227 1503 1276 priora

66 1283 122 1322 ad
136 1285 398 1337 antiquiorem
414 1282 670 1323 Nicomedem
686 1289 861 1334 spectare
878 1283 1067 1333 suspicor.
1123 1284 1166 1320 in
1182 1293 1292 1333 seqq.
1309 1280 1398 1331 lupi
1412 1287 1503 1319 sunt

66 1341 248 1379 Romani.
300 1341 363 1378 H.
536 1383 538 1385 ,

177 1409 220 1447 p.
239 1397 319 1437 104
334 1409 375 1434 v.
394 1399 433 1438 1.
489 1394 596 1448 apud
613 1395 811 1433 Iulianum
830 1394 890 1446 (in
909 1395 1063 1432 Caesar.
1081 1407 1122 1445 p.
1134 1393 1248 1444 335),
1278 1394 1346 1445 qui
1365 1393 1504 1431 acerbe

68 1452 367 1490 constantinum
396 1454 590 1503 exagitat,
620 1453 834 1499 Mercurio,
863 1452 1067 1502 quaerenti
1096 1463 1148 1487 ex
1173 1463 1218 1487 eo
1241 1462 1341 1502 quae
1359 1450 1506 1486 fuerint

67 1507 145 1546 sibi
168 1508 270 1546 bona
298 1509 539 1559 exoptabilia
565 1515 603 1545 et
630 1507 827 1558 expetita,
861 1505 1071 1558 respondet
1101 1508 1335 1557 imperator:
1378 1502 1504 1545 πολλὰ

66 1559 314 1616 κτησάμενον
330 1561 453 1605 nond·
473 1565 731 1616 χαρίσασθαι,
759 1566 845 1609 ταῖς
862 1577 902 1602 τε
922 1562 1153 1614 ἐπιθυμίαις
1170 1566 1255 1609 ταῖς
1275 1560 1420 1600 ἑαυτοῦ
1437 1559 1506 1600 καὶ

67 1622 156 1667 ταῖς
177 1622 258 1659 τῶν
284 1621 413 1669 φίλων
439 1618 730 1672 ὑπουργοῦντα.
795 1619 1028 1655 Ammianus
1060 1620 1109 1658 16
1146 1620 1194 1659 8:
1235 1618 1505 1667 proximorum

57 1675 206 1726 sancet
219 1677 374 1725 aperuit
381 1677 539 1726 primus
557 1676 731 1711 omnium
753 1674 1043 1710 Constantinus.

178 1729 234 1768 ib.
253 1744 293 1768 v.
310 1733 350 1771 6.
409 1743 509 1783 quae
526 1729 575 1767 ‹le
595 1729 851 1780 chrysargyro
870 1730 1037 1780 aliisque
1055 1728 1208 1766 tributis
1227 1741 1298 1780 per
1312 1728 1506 1765 Constan-

69 1786 198 1824 tinum
222 1788 416 1837 impositis
440 1788 622 1824 Zosimus
654 1785 757 1822 dixit
769 1814 779 1832 ,
810 1798 900 1822 cum
919 1797 964 1821 ea
982 1786 1104 1835 ipsius
1124 1785 1208 1821 sola
1225 1784 1301 1821 fide
1317 1786 1504 1833 nitantur,

69 1855 227 1894 semper
252 1855 342 1880 eam
371 1841 581 1879 cavillandi
608 1842 774 1878 facultas
801 1847 1002 1891 suppetet,
1031 1842 1259 1891 praesertim
1283 1853 1371 1877 cum
1394 1841 1435 1876 in
1457 1853 1504 1877 ea

70 1911 115 1935 re
142 1899 192 1935 ab
225 1899 419 1936 erroribus
444 1899 520 1935 sibi
547 1911 626 1935 non
658 1898 752 1934 satis
782 1904 915 1933 auctor
942 1898 1099 1933 caverit.
1155 1897 1237 1933 iam
1255 1898 1503 1946 impugnavit

71 1955 158 1992 eius
187 1956 457 1991 auctoritatem
485 1955 678 2004 Evagrius
707 1953 834 2003 (Hist.
854 1953 962 1989 Eccl.
981 1955 1008 1993 3
1037 1954 1089 1994 39
1104 1952 1270 2003 —42),
1299 1953 1391 1989 licet
1416 1954 1502 2002 ipse

70 2009 234 2047 meliora
252 2022 332 2047 non
352 2009 503 2048 doceat.
558 2022 639 2046 nou
666 2010 861 2045 immerito
877 2016 1011 2045 tamen
1033 2009 1213 2046 Zosimus
1230 2015 1366 2045 notam
1383 2008 1501 2056 subit,

70 2067 243 2116 primum
263 2065 371 2118 quod
388 2066 657 2104 meretricibus
674 2066 793 2101 etium
814 2062 1114 2116 chrysargyrum
1132 2063 1365 2101 solvendum
1380 2064 1502 2101 fuisse

71 2120 211 2159 tradit:
238 2135 332 2158 nam
355 2123 546 2159 tributum
570 2116 782 2172 πορνικόν,
812 2133 835 2157 a
851 2120 1092 2157 mulierculis
1107 2119 1335 2170 pudicitiam
1356 2121 1501 2170 prosti-

70 2177 272 2227 tuentibus
300 2177 604 2224 conferendum,
634 2189 724 2213 cum
754 2177 959 2213 collatione
987 2176 1162 2223 lustrali,
1193 2190 1246 2213 ex
1266 2189 1343 2226 qua
1364 2173 1501 2225 chrys-

71 2245 258 2284 argyrum
283 2240 411 2271 ortum
434 2240 515 2281 est,
546 2231 805 2270 confuderunt
824 2239 910 2269 tum
928 2233 1109 2270 Zosimus
1137 2239 1223 2269 tum
1253 2233 1341 2279 alii,
1371 2233 1503 2266 Zona-

72 2301 138 2326 ras
165 2288 363 2326 Cedren'us
393 2296 432 2326 et
461 2291 546 2340 ipse
575 2290 768 2338 Evagrius
802 2289 843 2325 in
880 2294 1059 2325 nostrum
1084 2290 1304 2338 insurgens.
1363 2285 1505 2322 deinde

73 2341 375 2395 chrysargyrum
402 2358 482 2382 non
509 2343 765 2396 quadriennio
793 2356 948 2396 quoque
975 2343 1047 2381 sed
1074 2344 1341 2395 quinquennio
1367 2349 1507 2392 peten-

74 2398 171 2436 dum
195 2400 291 2447 fuit,
322 2413 442 2451 quem
468 2399 630 2452 quidem
656 2399 879 2437 dissensum
897 2402 1100 2450 ingeniosa
1121 2401 1252 2450 aliqua
1273 2401 1507 2447 interpreta-

75 2457 180 2492 tione
206 2457 352 2506 Pagius
381 2456 449 2505 (in
478 2457 572 2494 diss.
599 2454 809 2506 hypatica)
837 2457 892 2492 ita
920 2457 1059 2493 tollere
1087 2455 1338 2499 allaboravit,
1369 2459 1412 2489 ut
1442 2459 1509 2490 aut

74 2511 373 2548 Constantinum
399 2513 606 2549 intervallo
636 2512 839 2549 solutionis
859 2511 995 2549 tributi
1013 2517 1263 2560 coangustato
1284 2511 1509 2559 quinquen-

2 2562 16 2574 ”
75 2567 166 2603 nale
189 2574 362 2604 mutasse
387 2575 542 2618 tempus
570 2574 735 2615 statuat,
765 2574 831 2604 aut
857 2565 1150 2618 τετραετηρικόν
1175 2566 1342 2602 lustrum
1368 2563 1507 2601 eadem

77 2633 155 2672 qua
191 2623 387 2673 olympias
418 2625 650 2674 intelligitur
681 2624 830 2660 ratione
857 2624 1151 2672 interpretetur3
1195 2633 1295 2671 quae
1326 2621 1507 2670 quamvis

75 2683 259 2727 quattuor
279 2677 398 2716 modo
426 2692 619 2717 annorum
643 2681 814 2729 spatium
833 2676 1159 2729 comprehendat,
1186 2677 1354 2712 lustrum
1373 2682 1506 2712 tamen

74 2739 247 2771 vocatur.
317 2733 487 2787 denique
516 2734 723 2774 manifeste
754 2735 935 2774 Zosimus
963 2734 1130 2781 labitur,
1167 2738 1366 2770 auctorem
1390 2732 1504 2769 istius
