1812 3016
258 107 352 154 142
878 114 1073 159 ZOSIMI

253 239 317 264 ναι
338 221 411 275 μὲν
432 221 474 264 ἐκ
493 218 635 265 τούτου
656 225 715 282 τῷ
735 226 991 284 στρατοπέδῳ
1021 227 1186 283 συνέβη·
1217 219 1366 283 μαθιῗιν
1388 230 1433 273 δέ
1454 228 1475 274 ὃ
1496 233 1688 286 βασιλεὺς

253 290 403 346 λῃστὰς
434 288 530 332 εἶναι
550 294 728 344 μᾶλλον,
775 293 820 335 οἳ
836 293 1126 351 διαρπάσαντες
1147 295 1198 339 τὰ
1213 298 1260 340 ’ἓν
1279 299 1396 341 ποσὶν
1416 297 1684 357 ἀνεχώρησαν,

252 357 350 412 ἔγνω
369 358 551 415 φυλακὴν
568 359 770 415 ἀρκοῦσαν
787 368 871 412 τοῖς
890 364 952 404 ἐπὶ
974 363 1042 406 τὸν
1065 366 1246 422 Τίγρητα
1259 367 1425 424 χωρίοις
1443 371 1683 422 καταλιπεῖν,

252 423 307 475 ὥς
333 425 390 480 μὴ
418 430 489 481 τῆς
517 426 722 481 δυνάμεως
749 426 907 485 ἁπάσης
938 431 1011 473 σὺν
1041 432 1150 491 αὐτῷ
1177 433 1244 475 διὰ
1267 438 1340 488 τῆς
1361 433 1498 492 ἑτέρας
1517 433 1615 478 ὅὸοὖ
1634 441 1686 492 τῇ

250 495 422 550 Περσῶν
442 493 627 550 ἐπιούσης
645 497 870 558 ἐπικρατείᾳ
899 497 1092 551 λαθόντες
1120 501 1159 542 οἷ
1178 502 1337 559 Πέρσαι
1358 504 1521 557 Νίσιβιν
1540 505 1607 546 καὶ
1629 503 1715 549 ww

249 559 373 618 ταύτῃ
401 565 663 619 προσκείμενα
694 564 826 607 πάντα
857 565 1098 620 κακώσαιεν,
1134 567 1312 626 εὑρόντες
1329 569 1458 628 ἔρημα
1477 573 1686 627 βοηθείας.

249 627 380 679 ἔδοξεν
413 625 483 673 οὖν
518 631 831 685 ὀκτακισχιλίους
860 636 926 677 καὶ
953 638 1122 693 μυρίους
1142 635 1306 689 ὁπλίτας
1336 637 1482 682 αὐτόθι
1500 644 1686 683 καταλει-

250 701 420 754 φθῆναι,
436 705 668 755 στρατηγεῖν
691 701 734 742 δὲ
753 700 904 745 τούτων
921 705 1191 757 Σεβαστιανὸν
1211 708 1278 749 καὶ
1297 705 1543 763 Προκόπιον,
1564 707 1685 750 αὐτὸν

249 767 293 808 δὲ
313 764 399 820 ἅμα
419 771 469 823 τῇ
490 765 598 823 πάσῃ
623 765 786 822 δυνάμει
819 770 886 811 διὰ
914 775 986 812 τοῦ
1010 771 1230 828 Εὐφράτου
1248 778 1455 829 χωρῆσαι,
1490 777 1582 830 διχῇ
1603 777 1686 818 διε-

247 832 368 876 λόντα
394 834 467 889 τὴν
496 834 570 876 σὺν
591 835 702 895 αὐτῷ
723 835 936 893 στρατιάν,
979 836 1079 881 ὥστε
1107 839 1383 894 πανταχόθεν,
1430 841 1474 883 εἶ’
1483 859 1585 893 τινες
1604 847 1685 885 τῶν
1695 847 1740 882 10

247 903 444 956 πολεμίων
470 901 653 960 ὀφθεῖεν,
699 901 796 946 εἶναι
818 905 964 956 αὐτοὺς
983 905 1140 958 τούτοις
1164 907 1503 964 ἀνθισταμένους,
1538 911 1605 953 καὶ
1625 911 1685 966 μὴ

247 970 308 1011 ἔπ’
333 970 470 1020 ἀδείας
491 971 542 1013 τὰ
563 971 837 1028 προσπεσόντα
855 976 1136 1031 καταδραμεῖν.

385 1039 460 1083 13.
530 1043 671 1081 Ταῦτα
693 1041 734 1082 ἐν
755 1039 941 1099 Κάρραις
966 1044 1121 1093 διαθεὶς
1140 1040 1194 1098 (ἦ
1217 1043 1261 1085 δὲ
1279 1040 1394 1094 πόλις
1414 1045 1572 1100 διορίζει
1582 1042 1685 1087 ‘Par-

243 1107 389 1161 μαιόυς
408 1105 731 1164 καὶἈσσυρίους)
751 1108 963 1165 ἠβουλήθη
980 1110 1026 1152 τὸ
1042 1109 1310 1168 στρατόπεδον
1323 1112 1367 1162 ἕξ
1385 1110 1564 1154 ἀπόπτου
1578 1112 1686 1162 τινὸς

245 1179 452 1232 θεωρῆσαι
469 1177 644 1232 χωρίου,
689 1175 869 1232 ἄγασθαι
902 1179 946 1220 δὲ
974 1179 1025 1221 τὰ
1055 1178 1192 1231 πεζικὰ
1218 1178 1404 1235 τάγματα
1425 1181 1491 1222 καὶ
1510 1180 1585 1230 τὰς
1601 1185 1682 1223 τῶν
1695 1187 1737 1222 15

246 1243 394 1285 ἱππέων
415 1244 527 1293 ἴλας·
554 1238 657 1298 ἦσαν
676 1246 719 1287 δὲ
737 1244 906 1296 ἅπαντες
923 1245 1064 1303 ἄνδρες
1075 1249 1379 1301 πεντακισχίλιοι
1391 1249 1457 1289 καὶ
1470 1246 1684 1302 ἑξακισμύ-

247 1327 339 1367 ριοι.
383 1309 607 1367 ἐξορμήσας
627 1312 668 1353 ‹5’
694 1314 736 1354 ἐκ
758 1314 935 1370 Καρρῶν
955 1318 1022 1356 καὶ
1042 1314 1093 1356 τὰ
1113 1315 1154 1357 ἓν
1171 1315 1281 1372 μέσῳ
1303 1315 1537 1372 διαδραμὼν
1553 1314 1683 1373 φρού-

247 1395 315 1435 ρια
338 1379 453 1435 μέχρι
475 1379 739 1432 Καλλινίκου,
774 1374 957 1423 κᾶκεῖθεν
978 1381 1110 1424 ἐλθών
1132 1383 1195 1424 ἐπὶ
1217 1382 1262 1424 τό
1283 1381 1504 1439 Κιρκήσιον
1523 1385 1613 1440 περὶ
1635 1377 1684 1426 οὗ

245 1444 436 1502 πρότερον
458 1445 632 1502 εἴρηται,
667 1448 813 1502 διαβὰς
839 1449 908 1491 τὸν
928 1448 1139 1507 Ἀσβώραν
1165 1450 1347 1504 ποταμὸν
1374 1450 1482 1494 ἔπλει
1513 1451 1581 1493 διὰ
1610 1455 1683 1494 τοῦ

244 1512 476 1570 Εὐφράτου,
509 1514 606 1564 νεὼς
627 1513 781 1569 ἐπιβάς.
847 1516 1098 1572 ἠκολούθουν
1119 1519 1162 1561 δὲ
1179 1520 1246 1560 καὶ
1268 1519 1306 1561 οἳ
1327 1523 1581 1576 στρατιῶται,
1608 1519 1738 1569 ‘cois-z)

247 1579 418 1636 σιτήσεις
438 1581 489 1636 δὴ
510 1584 806 1637 κεκομισμένοι,
840 1587 907 1626 καὶ
927 1586 1133 1639 ἀνέβαινον
1152 1588 1208 1636 εἷς
1224 1586 1276 1628 τὰ
1298 1590 1431 1638 πλοῖα,
1464 1586 1572 1637 ὅσοις
1593 1587 1684 1629 ἔπε’-

244 1648 407 1691 τέτακτο
431 1653 548 1692 τοῦτο
562 1664 576 1674 ·
608 1650 686 1706 ’ἤδη
705 1652 782 1708 γὰρ
805 1650 825 1694 ὅ
851 1651 993 1704 στόλος
1012 1653 1244 1709 ἀπαντήσας
1261 1653 1481 1709 ἕτετυχήκει
1492 1685 1506 1705 ,
1549 1654 1683 1711 φέρων

247 1715 424 1774 ἀριθμὸν
444 1719 591 1760 πλοίων
609 1719 651 1760 ἐκ
677 1720 750 1773 μὲν
770 1719 898 1771 ξύλων
917 1722 1187 1775 πεποιημένων
1205 1721 1419 1771 ἑξακοσίων
1430 1753 1444 1774 ,
1486 1720 1565 1763 ἀπὸ
1589 1723 1680 1777 δερ-

337 1835 380 1869 11
403 1830 562 1879 αὐτοὺς]
586 1835 682 1869 immo
705 1833 805 1877 τούς.
907 1838 949 1872 17
971 1834 1010 1870 ἐκ
1034 1848 1086 1871 om
1108 1838 1150 1873 P.
1253 1839 1296 1874 19
1318 1839 1434 1874 Abora
1446 1838 1679 1874 Leunclavius.

243 1934 311 1969 sari
326 1934 593 1978 perhiberentur.
633 1947 672 1970 ea
686 1948 740 1970 res
754 1937 834 1972 fecit
849 1942 886 1971 ut
900 1938 1108 1983 perturbatio
1124 1937 1284 1983 quaedam
1298 1939 1332 1972 in
1347 1939 1466 1973 castris
1480 1939 1679 1975 exoriretur.

243 1979 303 2013 sed
317 1979 517 2023 imperator,
550 1982 685 2024 cognito
701 1983 849 2016 latrones
866 1984 926 2016 hos
941 1984 1052 2028 potius
1067 1995 1160 2025 esse,
1184 1984 1240 2028 qni
1256 1984 1365 2028 raptis
1377 1985 1478 2018 rebus
1494 1985 1604 2019 obviis
1617 1986 1680 2019 ab-

243 2024 454 2066 scessissent,
476 2025 558 2058 satis
575 2037 725 2069 magnum
742 2029 942 2072 praesidium
957 2028 1029 2063 sitis
1045 2029 1086 2062 ad
1102 2029 1233 2073 Tigrim
1249 2029 1370 2063 flumen
1384 2030 1475 2073 agris
1488 2029 1681 2075 relinquen-

245 2069 322 2103 dum
338 2070 458 2103 statuit
468 2097 478 2113 ‚
503 2082 545 2103 ne
559 2072 662 2116 copiis
678 2072 840 2106 universis
855 2085 965 2107 secum
984 2086 1045 2118 per
1060 2075 1199 2107 alterum
1214 2073 1292 2107 illud
1308 2074 1374 2107 iter
1387 2074 1561 2109 Persicum
1575 2076 1680 2110 terri-

244 2114 365 2148 torium
379 2114 548 2158 ingressis‘‚
564 2116 746 2150 clanculum
760 2119 887 2152 Persae
901 2119 1045 2153 Nisibim
1061 2125 1097 2154 et
1112 2118 1220 2152 omnia
1230 2118 1342 2152 Nisibi
1355 2118 1465 2165 vicina
1478 2119 1565 2163 loca,
1581 2132 1680 2166 prae—

244 2159 338 2194 sidiis
354 2163 389 2192 et
405 2171 470 2203 ope
485 2159 665 2205 destituta,
691 2162 896 2197 divexarent.
950 2164 1066 2209 itaque
1088 2163 1213 2209 placuit
1234 2167 1272 2197 ut
1294 2164 1406 2197 decem
1431 2170 1467 2198 et
1490 2172 1569 2200 octo
1590 2166 1679 2200 milia

245 2204 357 2248 gravis
372 2210 560 2238 armaturae
574 2206 712 2240 militum
727 2207 775 2241 ibi
789 2209 1013 2254 relinqueret,
1037 2220 1174 2254 quorum
1189 2208 1292 2242 duces
1306 2208 1573 2245 Sebastianuset
1590 2211 1680 2245 Pro-

247 2249 362 2294 copius
377 2254 504 2291 essent3
528 2249 600 2293 ipse
614 2262 685 2284 cum
703 2252 863 2287 universis
878 2254 982 2298 copiis
997 2255 1062 2288 iter
1076 2265 1138 2300 per
1154 2255 1356 2298 Euphratem
1373 2254 1512 2298 faceret,
1529 2256 1678 2290 exercitu

246 2296 328 2328 duas
344 2295 378 2328 in
391 2301 506 2339 partes
521 2295 637 2338 diviso,
659 2300 697 2329 ut
710 2298 753 2330 ab
770 2298 858 2331 omni
876 2305 973 2343 parte
987 2299 1172 2344 conspectis
1186 2299 1334 2332 hostibus
1350 2300 1459 2334 resisti
1472 2307 1600 2346 posset,
1615 2312 1679 2335 nec

245 2341 278 2374 in
294 2340 431 2385 quaevis
446 2339 543 2373 obvia
561 2352 622 2384 per
636 2351 792 2376 summam
809 2342 858 2376 illi
875 2343 1041 2378 licentiam
1057 2344 1306 2378 excursitarent.

338 2386 390 2420 13.
437 2384 499 2418 His
521 2386 609 2430 apud
626 2385 749 2420 Carras
771 2389 959 2422 constitutis
971 2414 982 2431 ,
1013 2389 1101 2434 quod
1116 2389 1272 2434 oppidum
1288 2389 1458 2424 Romanos
1473 2394 1507 2424 et
1520 2389 1678 2436 Assyrios

245 2429 469 2473 disterminat,
501 2430 680 2465 exercitum
707 2431 749 2465 de
770 2432 961 2467 sublimiore
982 2435 1124 2478 quodam
1146 2435 1219 2467 loco
1235 2441 1389 2478 spectare
1403 2435 1530 2478 voluit,
1561 2441 1598 2468 et
1611 2435 1678 2469 iam
1709 2464 1712 2466 ,

245 2475 393 2518 legiones
408 2476 579 2520 pedestres
593 2487 691 2520 quam
707 2477 777 2510 alas
793 2478 936 2521 equitum
951 2479 1114 2513 admirari.
1151 2482 1225 2512 erat
1240 2485 1351 2514 autem
1367 2490 1522 2514 numerus
1536 2480 1678 2514 omnium

243 2520 418 2563 sexaginta
433 2520 578 2565 quinque
592 2520 753 2555 hominum
769 2522 868 2556 milia.
915 2524 1030 2557 Carris
1046 2525 1236 2568 profectus,
1269 2525 1416 2558 castellis
1430 2524 1614 2558 interiectis
1633 2525 1678 2559 ad

245 2565 438 2598 Callinicum
463 2577 566 2609 usque
587 2566 708 2600 cursim
728 2567 875 2601 transitis
887 2594 898 2611 ,
933 2579 973 2602 ac
993 2569 1124 2603 delatus
1145 2569 1224 2602 inde
1239 2569 1420 2603 Circesium
1436 2569 1478 2603 de
1492 2580 1559 2614 quo
1574 2579 1678 2614 supra

246 2610 369 2643 dictum
385 2616 448 2652 est,
471 2612 600 2644 Asbora
614 2611 749 2645 flumine
762 2613 942 2646 transiecto
953 2641 964 2657 ‚
985 2625 1047 2659 per
1064 2614 1268 2659 Euphratem
1283 2615 1361 2648 navi
1375 2625 1557 2648 conscensa
1572 2616 1678 2648 vehe-

244 2654 358 2690 batur.
404 2655 629 2699 sequebantur
652 2665 688 2690 et
710 2657 848 2699 milites,
872 2658 929 2702 qui
953 2669 1099 2691 annonas
1120 2670 1232 2692 secum
1253 2664 1488 2704 portaverant²
1519 2659 1553 2692 in
1573 2670 1678 2693 naves

246 2700 539 2734 conscendentibus
555 2702 596 2736 iis
609 2703 727 2748 quibus
744 2703 806 2736 hoc
819 2702 999 2744 iniunctum
1013 2709 1098 2738 erat.
1141 2704 1206 2737 iam
1230 2704 1314 2737 enim
1338 2704 1450 2739 classis
1474 2703 1516 2737 ad
1535 2703 1679 2748 impera-

244 2749 350 2778 torem
367 2751 527 2791 venerat,
564 2746 598 2781 in
625 2758 692 2793 qua
716 2752 790 2784 erat
809 2759 963 2785 numerus
984 2749 1119 2785 navIum
1135 2756 1388 2794 sexcentarum,
1419 2759 1506 2796 quae
1524 2749 1566 2784 de
1581 2749 1678 2794 liguis
