1812 3016
367 99 804 145 COMMENTARIUS
844 98 1150 143 HISTORICU
1150 98 1193 141 S.
1412 97 1508 144 333

181 224 225 265 p.
246 209 299 253 15
316 222 356 250 v.
374 211 441 253 18.
496 210 759 262 Papinianus,
803 213 971 248 testante
991 210 1119 247 Dione
1131 238 1141 257 ‚
1170 214 1259 261 post
1277 208 1416 247 Getam
1435 221 1511 246 ne-

74 274 181 307 catus
200 275 278 318 est,
317 266 367 306 de
389 280 467 320 quo
489 268 722 319 Imperatore
749 273 788 304 et
805 266 1003 304 Antonino
1024 266 1075 304 cf.
1093 265 1307 303 Herodian.
1335 268 1362 307 3
1394 268 1510 307 10—-

180 392 223 431 p.
242 381 294 421 16
315 392 355 418 v.
373 382 415 420 2.
468 379 596 417 Dione
624 384 746 427 teste,
780 378 1029 426 interfector,
1064 377 1127 414 cui
1145 378 1335 415 Martialis
1365 390 1512 416 nomen

73 441 178 484 erat,
207 435 328 473 caede
348 442 567 487 perpetrata
588 435 725 472 turbae
745 436 973 482 immixtus,
1013 439 1172 471 cruento
1198 433 1330 484 gladio
1355 436 1512 485 agnitus

71 504 240 544 poenam
257 493 438 530 meritam
457 492 552 536 luit3
592 490 816 528 Herodiano
838 498 1015 539 auctore,
1051 490 1147 541 suga
1175 489 1342 528 evadere
1368 492 1512 528 frustra

72 554 232 586 conatus
249 561 271 585 a
291 547 614 600 persequentibus
635 560 769 584 caesus
790 554 862 585 est.

181 603 235 640 ib.
256 617 296 641 v.
313 607 353 646 8.
390 604 432 640 in
454 605 610 641 Oriente
630 616 652 640 a
668 603 874 651 militibus,
903 614 983 639 non
1000 602 1150 639 Romae
1170 613 1223 638 ex
1242 607 1400 639 senatus
1418 615 1511 639 sen-

71 660 206 707 tentia,
226 660 392 711 imperio
403 660 600 696 Macrinus
617 659 797 696 admotus
816 666 895 703 θεῖς
925 660 1114 710 quoniam
1130 658 1383 709 postmodum
1401 660 1511 695 mili-

71 722 158 753 tum
174 713 371 767 suffragiis
393 717 512 752 etiam
532 717 740 753 auctoritas
758 723 915 752 senatus
936 721 1169 761 accesserat,
1210 714 1252 751 id
1274 714 1404 752 fraudi
1428 716 1510 751 for-

69 778 173 809 tasse
191 773 350 810 Zosimo
376 771 474 820 fuit,
517 778 559 808 ut
583 772 716 808 locum
743 783 950 822 perperam
970 769 1207 822 designaret.
1265 770 1315 808 de
1335 773 1511 808 Macrino

60 825 151 876 ‘vid-
165 827 376 866 Herodian.
401 827 428 868 4
458 828 614 869 12—5
642 827 684 868 4·

179 882 234 921 ib.
255 897 294 921 v.
314 882 356 925 4.
414 897 518 931 eum,
548 883 808 934 Elagabalum
823 883 944 933 vulgo
961 880 1122 930 dictum,
1149 894 1228 919 non
1247 881 1388 920 eodem
1406 895 1510 921 anno

69 951 148 991 quo
164 940 396 988 Macrinum,
427 951 604 977 summae
623 952 755 976 rerum
771 940 918 976 milites
938 939 1209 990 praefecerunt
1221 967 1232 985 ,
1261 937 1333 976 sed
1350 947 1511 990 postea-

69 1007 191 1047 quam
213 1008 372 1033 severae
402 995 632 1046 disciplinae
660 997 932 1046 impatientes,
986 995 1166 1032 alienatis
1198 994 1247 1031 ab
1276 1007 1323 1032 eo
1351 997 1507 1044 animis,

67 1052 286 1089 Macrinum
306 1066 328 1090 e
344 1051 476 1089 medio
497 1052 748 1089 sustulerant.

180 1106 234 1144 ib.
253 1118 293 1145 v.
318 1111 383 1150 13.
437 1103 684 1147 Ἀντωνίνου.
739 1105 780 1144 id
800 1119 944 1144 nomen
961 1112 1019 1143 est
1038 1106 1244 1156 Elagabali
1262 1104 1313 1143 ad
1334 1104 1507 1156 dignita-

68 1169 151 1200 tem
170 1164 462 1215 imperatoriam
487 1165 633 1210 evecti,
673 1162 721 1200 de
742 1176 819 1214 quo
838 1162 919 1199 vid.
937 1160 1149 1199 Herodian.
1179 1162 1206 1203 5
1234 1164 1259 1203 3
1274 1165 1361 1204 -8
1392 1170 1431 1199 et
1458 1162 1507 1201 de

69 1220 154 1258 eius
173 1232 394 1258 successore
410 1219 638 1258 Alexandro
656 1219 706 1256 cf.
723 1219 829 1256 idem
845 1219 871 1259 5
892 1220 1022 1259 7-6
1049 1219 1090 1258 9.

179 1274 234 1312 ib.
257 1289 296 1314 v.
322 1275 386 1317 15.
443 1271 584 1328 μάγοις
600 1289 641 1315 τε
659 1275 726 1314 καὶ
746 1271 934 1329 ἆγῦρταις
959 1269 1188 1325 ἕσχολακός.
1229 1286 1308 1310 non
1331 1272 1379 1310 de
1396 1275 1509 1311 novis

68 1331 211 1379 sacris,
249 1330 321 1370 sed
347 1333 504 1383 proprie
527 1330 626 1368 haec
653 1344 738 1369 esse
763 1329 991 1382 accipienda
1020 1328 1134 1367 docet
1162 1329 1363 1380 Lamprid.
1397 1342 1430 1367 c.
1458 1333 1508 1371 8:

68 1400 181 1424 omne
197 1387 363 1440 denique
380 1385 587 1439 magorum
600 1401 730 1438 genus
749 1387 887 1425 aderat
906 1386 971 1423 illi
985 1384 1297 1437 operabaturque
1320 1387 1506 1437 quotidie.

68 1442 121 1480 of.
140 1441 281 1481 eadem
298 1444 418 1482 verba
437 1443 486 1481 de
506 1444 705 1481 Caracalla
726 1442 939 1482 Herodian.
958 1443 985 1483 4
1013 1445 1080 1483 22.
1136 1442 1198 1478 H.

179 1512 220 1551 p.
240 1501 290 1541 17
306 1513 345 1537 v.
362 1503 403 1541 7.
460 1499 508 1537 de
526 1501 696 1551 Ulpiano
716 1512 817 1552 quae
835 1501 1002 1546 scimus,
1033 1506 1124 1535 sunt
1141 1499 1223 1534 fere
1242 1498 1373 1534 omnia
1394 1499 1509 1535 Zosi-

67 1554 125 1592 mi
141 1561 180 1592 et
196 1554 437 1607 Lampridii3
480 1555 727 1593 Herodianus
756 1558 830 1593 etsi
851 1555 1027 1607 aequalis
1051 1554 1206 1591 nullam
1227 1555 1311 1590 eius
1338 1556 1510 1590 mentio-

68 1622 163 1648 nem
175 1611 282 1649 fecit.
325 1611 520 1649 Paullum
540 1619 577 1648 et
603 1612 823 1661 Ulpianum
841 1612 884 1647 in
906 1623 1053 1660 magno
1072 1609 1214 1646 honore
1230 1607 1390 1654 habuit,
1413 1623 1510 1659 quos

62 1667 286 1718 praefectae
301 1667 354 1704 ab
375 1667 603 1718 Elagabalo
622 1667 906 1717 dicuntsaccos
918 1694 933 1711 ‚
960 1666 1035 1702 ulii
1052 1663 1105 1701 ab
1122 1666 1206 1715 ipso
1229 1664 1508 1716 (Alexandro).

68 1722 158 1761 Ael.
177 1722 427 1773 Lampridius
446 1726 485 1760 in
509 1724 588 1759 vita
608 1722 829 1759 Alexandri
851 1735 885 1758 c.
905 1721 973 1762 25.

181 1777 235 1815 ib.
254 1791 294 1816 v.
314 1781 379 1819 16.
435 1780 572 1816 Uranii
597 1777 821 1825 cuiusdam,
862 1779 930 1829 qui
958 1776 1136 1814 affectato
1165 1775 1338 1813 Edessae
1367 1777 1408 1812 in
1432 1778 1507 1814 Os-

68 1831 216 1872 rhoene
244 1835 431 1885 imperio,
471 1835 519 1870 ab
541 1834 768 1871 Alexandro
797 1846 1006 1884 oppressus
1024 1833 1116 1880 fuit,
1153 1831 1258 1883 apud
1275 1832 1506 1883 Syncellum

67 1889 119 1927 ad
137 1903 174 1927 a.
194 1891 275 1930 211
293 1892 441 1927 mentio
457 1891 599 1927 iniecta
618 1897 690 1927 est.

178 1945 232 1983 ib.
253 1959 292 1983 v.
315 1949 378 1987 17.
435 1945 484 1983 de
506 1946 740 1983 Alexandro
758 1946 900 1984 Severo
918 1957 990 1997 pro
1007 1943 1137 1983 studio
1159 1950 1227 1981 aut
1246 1942 1335 1982 odio
1353 1944 1395 1980 in
1412 1956 1505 1981 eum

68 1999 283 2039 admodum
301 2001 453 2039 diversa
474 2009 512 2040 et
526 2003 629 2039 inter
644 2015 686 2040 se
707 2004 963 2054 repugnantia
979 2002 1129 2038 narrari
1146 2002 1238 2038 satis
1258 2007 1419 2037 constat.
1451 2001 1504 2038 cf.

68 2057 270 2109 Lamprid-
292 2071 326 2095 c.
350 2061 403 2099 62
429 2061 495 2099 63.
553 2058 653 2095 forte
682 2059 750 2095 illa
776 2061 835 2114 τῷ
856 2073 898 2098 τε
916 2054 1067 2109 στόματι
1086 2055 1155 2097 καὶ
1172 2052 1270 2095 κατὰ
1293 2053 1418 2106 φύσιν
1439 2059 1506 2096 λο-

68 2118 222 2166 γισμοῖς
242 2109 485 2164 ἆλλοιότερος
501 2107 554 2165 ἦν
575 2121 650 2151 etc.
680 2113 796 2151 ducta
821 2122 912 2152 suut
939 2127 992 2151 ex
1008 2115 1140 2165 aliquo
1160 2114 1371 2149 Maximini
1392 2125 1505 2148 ama-

68 2175 219 2218 torum,
259 2182 355 2221 quos
379 2171 449 2207 ille
473 2178 604 2207 narrat
629 2171 670 2206 iu
700 2169 892 2207 invidiam
909 2169 1128 2208 Alexandri
1151 2170 1422 2206 commenticia
1444 2170 1507 2203 ia·-

69 2224 243 2273 ctantes,'
261 2227 372 2276 quasi
390 2225 619 2263 Alexander
638 2228 739 2263 curis
756 2227 918 2264 occultis
942 2233 981 2263 et
997 2228 1194 2263 anxietate
1212 2226 1333 2261 animi
1352 2224 1506 2260 vultum

69 2281 316 2332 coloremque
339 2283 537 2334 totiusque
558 2283 731 2332 corporis
747 2280 927 2319 habitum
946 2283 1178 2329 mutaverit,
1221 2287 1266 2317 ut
1291 2280 1440 2330 pallore
1466 2286 1507 2315 et

68 2339 194 2375 mazie
210 2339 375 2387 insignis
396 2345 510 2375 esset.
568 2339 692 2375 alium
721 2350 881 2375 sensum
903 2351 985 2376 non
1003 2337 1136 2375 video.
1195 2338 1380 2373 avaritiae
1396 2347 1506 2371 mor-

68 2392 142 2430 bus
162 2401 351 2441 matrem,
387 2407 466 2431 non
486 2393 760 2431 Alexandrum
778 2395 970 2442 vexabat,
999 2407 1064 2445 ap.
1078 2391 1290 2430 Herodian.
1313 2393 1338 2430 6
1367 2391 1414 2437 4,
1445 2391 1508 2426 cui

67 2449 196 2499 potior
212 2451 252 2486 in
269 2446 487 2486 Alexandri
506 2451 622 2488 rebus
636 2449 754 2498 fides,
789 2457 828 2488 et
853 2465 874 2488 e
892 2463 970 2502 quo
990 2452 1150 2488 omnino
1169 2462 1230 2485 res
1249 2449 1332 2484 eius
1344 2475 1355 2494 ,
1387 2447 1508 2482 nimis

67 2504 313 2555 negligenter
334 2518 356 2542 a
375 2504 535 2544 Zosimo
554 2513 748 2554 narratae,
784 2506 1078 2557 cognoscendae
1100 2512 1204 2543 sunt.
1261 2503 1323 2539 H.

178 2560 232 2598 ib.
252 2574 291 2598 v.
311 2563 379 2602 20.
437 2574 536 2614 quae
562 2564 604 2599 in
621 2560 896 2600 Alexandrum
922 2563 970 2600 ab
991 2564 1151 2600 Zosimo
1172 2559 1394 2608 congeritur
1409 2569 1506 2593 ava-

69 2615 179 2653 ritiae
198 2618 429 2666 criminatio,
459 2619 638 2670 quamvis
661 2617 766 2669 apud
781 2619 878 2657 alios
893 2632 974 2656 non
992 2620 1116 2669 ipsius
1134 2615 1403 2665 imperatoris,
1433 2611 1506 2649 sed

67 2673 203 2710 mnu-is
224 2673 468 2711 mammaeae
485 2688 530 2711 ea
548 2676 599 2712 sit
616 2673 887 2726 reprehensio,
925 2688 949 2712 a
966 2675 1116 2711 Iuliano
1137 2682 1294 2723 quoque
1321 2670 1387 2718 (in
1402 2669 1504 2706 cae-

66 2725 174 2779 sar.)
207 2729 249 2766 in
283 2742 375 2773 eum
413 2729 647 2781 effunditur,
684 2743 759 2770 nec
783 2732 868 2783 ipse
892 2728 1140 2769 Herodianus
1168 2725 1377 2777 diffitetur,
1422 2725 1503 2762 im-
