1812 3016
443 84 882 135 COMMENTARIUS
906 85 1256 130 HISTORICUS.
1474 83 1573 133 407

243 206 285 246 p.
299 192 384 237 259
402 207 442 232 V.
458 197 527 237 20.
583 193 635 233 de
652 194 907 234 Abundantio
929 194 1011 234 vid.
1036 196 1065 233 1.
1091 198 1118 237 3
1146 194 1195 233 de
1222 195 1429 247 Salgamo,
1469 196 1499 233 1.
1520 198 1572 240 18

133 247 353 300 denogat-
377 251 465 288 mil.
487 263 656 299 annom,
684 253 715 288 1.
737 254 816 293 128
843 250 893 289 de
922 250 1054 290 decnr.
1084 253 1230 290 Ritter.
1292 253 1343 289 cf.
1364 250 1571 291 Claudian.

130 305 347 356 illssutrop·
370 310 391 348 1
421 306 500 348 154
517 319 629 360 seqq.
685 321 724 346 v.
746 309 982 358 Prosopogr.
1001 321 1037 346 c.
1058 306 1139 346 Th.
1166 306 1209 344 h.
1228 321 1267 345 v.

239 374 282 413 p-
300 364 383 405 260
398 375 438 400 v.
459 363 502 405 4.
530 366 703 414 primum
718 365 904 414 Pityunte
924 365 1020 403 exul
1039 364 1115 401 fuit
1132 363 1415 415 (Hieronymus
1433 376 1496 414 ep.
1510 361 1569 411 8),

128 423 267 468 postea
282 419 472 470 Eutropio
491 427 646 458 mortuo
663 419 853 458 Sidonem
871 419 1011 461 ductus
1023 427 1095 468 est,
1125 418 1460 471 quemadmodum
1476 419 1567 457 'ril-

126 472 340 512 lemontius
356 473 403 524 (t.
419 475 445 517 5
460 487 501 525 p.
519 475 619 525 435)
636 489 719 513 rem
737 476 923 526 explicat.

240 529 295 567 ib.
318 543 362 568 v.
381 532 444 571 10.
474 528 555 568 vid.
577 543 719 570 comm.
738 530 790 569 ad
808 532 839 569 1.
857 533 884 573 3
905 544 939 570 c.
959 528 1041 569 Th.
1061 529 1113 569 ad
1132 531 1212 582 leg.
1230 532 1347 570 Com.
1375 529 1427 568 de
1454 531 1570 569 sicar.

126 595 239 624 mm.
261 587 303 627 9.
357 587 500 625 Rata.

237 640 293 679 ib.
311 654 351 679 v.
374 645 441 683 11.
498 642 550 680 of.
572 641 777 680 Claudiam.
806 641 856 686 de
879 641 1036 681 Stilich.
1066 644 1106 684 1.
1163 643 1463 694 pubuoabantur
1485 641 1569 680 Sti-

123 694 296 736 lichonis
316 697 434 746 bona,
463 710 564 750 qnae
583 699 696 750 Cpoli
718 697 902 736 habebat.

234 751 290 790 ib.
311 766 351 791 v.
370 755 437 795 18.
492 754 542 791 of.
565 754 770 792 Claudian.
799 754 847 795 de
875 754 980 792 bello
1004 752 1210 792 Gildonioo
1232 751 1496 801 230-824‚
1525 752 1569 790 in

42 822 45 829 ·
123 808 289 860 Eutrop.
310 810 359 858 1,
394 808 444 848 de
458 808 612 848 sunch.
638 813 659 851 1
676 840 687 858 ‚
717 818 756 848 et
774 812 933 850 orosius
953 813 980 851 7
1009 813 1077 851 36.
1134 810 1251 847 cudo
1273 811 1393 847 Firmi
1412 809 1568 860 tyranni

101 894 104 900 .
123 863 247 902 frater
263 863 317 916 (4
348 865 427 916 16)
438 895 450 914 ,
485 878 605 918 quem
623 865 675 903 ad
692 868 904 918 imperium
921 865 1188 916 adspirantem
1204 868 1289 917 ipse
1307 870 1567 917 oppresserat,

123 932 257 959 oomes
271 921 431 959 Africae
447 924 681 960 constitutus
703 930 798 961 erat.
855 921 948 960 add.
966 920 1196 972 Symmaoh.
1215 923 1240 962 4
1264 935 1327 972 ep.
1345 924 1385 961 8.

234 975 290 1014 ib.
322 990 362 1016 v.
387 980 452 1019 19.
508 991 672 1030 parvam
697 985 851 1017 tantum
875 991 1039 1016 manum
1067 979 1112 1020 in
1132 980 1310 1015 Africam
1334 976 1386 1014 ad
1417 977 1567 1015 bellum

122 1031 246 1070 fuisso
263 1031 527 1084 deportatam,
557 1033 715 1072 tradunt
730 1034 935 1073 Claudian.
959 1033 1008 1071 de
1024 1033 1181 1072 Stilich.
1207 1037 1228 1074 1
1258 1032 1364 1081 314,
1405 1034 1568 1071 Orosius

121 1089 151 1129 7
177 1089 247 1131 86.
303 1090 482 1128 Itium
510 1089 648 1128 laudat
668 1091 821 1129 Comm.
850 1090 902 1128 ad
928 1090 959 1128 1.
983 1092 1011 1133 3
1039 1089 1091 1127 ad
1115 1090 1197 1141 leg.
1229 1090 1345 1127 Corn.
1375 1087 1425 1126 de
1452 1090 1566 1128 sicar.

119 1155 164 1181 n.
188 1146 273 1251 lep.
290 1202 369 1242 261
392 1213 431 1238 v.
442 1203 484 1241 2.
541 1200 658 1239 Gildo
677 1209 888 1254 postquam
906 1203 1043 1253 fugam
1059 1202 1298 1239 maritimam
1316 1201 1461 1239 frustra
1475 1205 1566 1236 ten-

117 1261 288 1303 tavent,
318 1262 454 1307 captus
476 1263 515 1294 et
531 1258 573 1295 in
601 1270 796 1296 carcerem
819 1258 959 1296 ductus
986 1265 1156 1295 mortem
1175 1257 1251 1294 sibi
1268 1269 1390 1294 manu
1408 1269 1480 1294 sua
1496 1268 1565 1293 ac-

118 1311 318 1349 celeravit.
374 1311 580 1350 Claudiam.
601 1313 651 1350 de
666 1312 822 1352 Stilich.
846 1321 867 1354 1
896 1312 991 1355 357.
1048 1315 1208 1351 Orosius
1226 1313 1254 1350 1.
1281 1325 1316 1349 c.

227 1366 284 1406 ib.
306 1380 346 1406 v.
367 1369 433 1409 12.
490 1368 571 1406 vid.
591 1370 744 1407 Comm.
762 1369 815 1407 ad
828 1370 860 1407 1.
879 1372 905 1411 8
932 1368 984 1406 ad
1010 1369 1090 1420 leg.
1109 1370 1226 1407 Corn.
1249 1367 1299 1405 de
1323 1369 1438 1406 sicar.
1459 1367 1561 1403 circa

115 1421 185 1462 fin.
240 1436 336 1461 nam
359 1425 536 1463 maxime
562 1425 765 1476 probabile
797 1433 855 1463 est
879 1423 983 1464 hanc
1013 1426 1144 1476 legem
1166 1423 1300 1462 datam
1319 1423 1429 1471 ideo,
1467 1423 1561 1475 qula

113 1479 328 1530 Eutropius
367 1482 486 1532 capiti
526 1493 598 1518 suo
633 1494 872 1534 suorumque
910 1481 1110 1519 metuebat
1138 1494 1161 1518 a
1191 1478 1424 1518 Stilichone.
1481 1477 1561 1516 huc

112 1534 354 1575 claudianus
377 1537 407 1573 1.
427 1541 454 1579 2
474 1538 516 1574 in
538 1539 700 1588 Eutrop.
723 1551 761 1575 v.
782 1540 866 1579 500
889 1538 997 1575 facit.
1054 1538 1198 1575 Ram.

222 1590 277 1630 ib.
299 1605 337 1630 v.
357 1593 424 1632 16.
482 1591 649 1630 eandem
667 1601 752 1630 rem
767 1593 948 1630 observat
968 1595 1087 1630 etiam
1106 1595 1273 1629 loannes
1286 1587 1558 1627 Antiochenus

110 1645 155 1683 in
186 1648 372 1699 Excerpt.
398 1649 615 1688 Valesianis
645 1662 685 1699 p.
710 1650 806 1689 851.
864 1655 996 1695 notat,
1032 1647 1230 1687 iudicante
1252 1647 1424 1689 limem,
1452 1643 1557 1681 hano

108 1701 459 1742 invidiosissimam
482 1717 620 1742 vocem
640 1702 819 1742 Gothofr.
841 1705 995 1742 Comm.
1013 1702 1066 1740 ad
1084 1704 1112 1741 l.
1132 1707 1159 1746 8
1185 1701 1237 1740 ad
1263 1703 1343 1753 leg.
1364 1701 1482 1738 Corn.
1506 1697 1557 1736 de

108 1758 374 1866 flm·P{¹·2}512·
384 1828 423 1852 v.
441 1813 484 1855 5.
512 1815 668 1865 copiose
693 1814 854 1866 quidem
874 1813 985 1863 haec,
1012 1816 1139 1853 multa
1154 1821 1287 1852 tamen
1303 1824 1444 1864 parum
1460 1823 1555 1862 per-

108 1870 264 1920 spicue,
291 1872 473 1909 Zosimus
492 1877 658 1910 enarrat.
717 1872 768 1909 of.
787 1870 992 1910 Claudian.
1014 1873 1057 1909 in
1071 1872 1237 1921 Eutrop.
1258 1873 1307 1917 2,
1344 1869 1502 1907 Sozom.
1524 1868 1552 1907 8

107 1924 149 1975 4,
177 1926 328 1964 socrat.
348 1930 374 1968 6
403 1929 443 1973 6,
475 1925 714 1976 Philostorg.
736 1930 761 1967 6
791 1929 830 1966 6.

218 1995 260 2034 p.
278 1985 360 2024 263
379 1995 419 2019 v.
437 1986 479 2024 2.
511 1981 585 2020 hoc
603 1989 717 2033 urget
736 1981 915 2021 Gothofr.
932 1995 1076 2021 comm.
1092 1981 1144 2020 ad
1162 1982 1193 2020 l.
1213 1985 1239 2024 3
1266 1979 1320 2019 ad
1336 1981 1418 2031 leg.
1431 1980 1550 2017 Corn.

108 2034 159 2075 de
174 2038 288 2076 sicar.
305 2052 347 2076 n.
371 2039 435 2079 11.
492 2040 637 2077 Ruter.

216 2107 258 2144 p.
270 2095 351 2136 265
369 2107 408 2131 v.
430 2093 494 2137 15.
550 2095 698 2145 Selgen
716 2094 937 2145 (Laconum
957 2101 1015 2132 est
1033 2093 1204 2144 colonia)
1225 2093 1414 2140 Πισιδίας
1429 2087 1548 2131 πόλιν

107 2146 202 2194 dicit
219 2148 444 2200 Stephanus
459 2153 624 2203 Byzant.
637 2180 647 2198 ,
685 2163 760 2188 nec
778 2151 919 2190 Strabo
936 2151 1050 2188 aliter
1066 2150 1136 2187 lib.
1161 2152 1210 2190 12
1222 2178 1232 2196 ,
1266 2162 1340 2186 nec
1363 2148 1433 2184 lib.
1462 2145 1488 2186 5
1517 2144 1545 2186 5

102 2204 381 2253 Ptolemaeum
411 2202 717 2259 δισμυρίανδρόν
733 2221 827 2246 ποτε
842 2207 964 2244 fuisse
980 2207 1120 2244 Strabo
1139 2204 1262 2252 addit,
1284 2207 1312 2241 i.
1334 2218 1371 2241 e.
1392 2207 1446 2244 20
1464 2202 1544 2237 mi·-

104 2259 162 2296 lia
182 2258 368 2300 habuisse
386 2264 545 2301 clvium.
603 2262 775 2299 confines
797 2269 930 2301 antem
950 2269 1042 2300 sunt
1064 2261 1213 2300 Pisidia
1232 2268 1271 2298 et
1291 2257 1543 2310 Pamphylia,

104 2321 151 2353 nt
163 2323 298 2354 noster
315 2320 435 2357 etiam
453 2318 566 2357 docet
582 2319 683 2356 infra
702 2331 742 2357 v.
765 2321 830 2359 17.
895 2318 1040 2358 cellar.

215 2385 257 2422 p-
283 2376 363 2415 267
392 2388 430 2414 v.
461 2378 502 2416 8.
566 2375 722 2412 Gainae
754 2373 806 2412 ad
833 2377 1004 2426 speciem
1030 2380 1070 2411 et
1095 2373 1278 2411 simulate
1302 2369 1400 2407 haec
1425 2380 1542 2418 agere

103 2427 323 2476 putandus:
360 2429 539 2468 nondum
576 2433 684 2468 enim
718 2432 839 2469 animi
862 2431 1026 2468 consina
1051 2434 1268 2480 aperuerat.
1324 2439 1375 2462 ne
1405 2431 1541 2461 tamen

112 2481 346 2534 Dibzgrildzk
370 2488 531 2524 omnino
557 2488 864 2537 opprimeretur,
901 2488 1023 2527 mittit
1040 2486 1296 2523 barbarorum
1317 2488 1466 2519 turmas
1492 2478 1545 2516 ad

99 2537 292 2576 Leontem
319 2553 409 2579 cum
440 2541 637 2580 mandatis
662 2544 828 2580 arcanis.
883 2556 982 2582 mox
1003 2556 1041 2579 v.
1066 2543 1134 2581 20.
1188 2537 1387 2588 Ῥωμαίων
1405 2535 1537 2583 παντί,

100 2594 222 2631 etiam
235 2596 390 2634 sublato
408 2599 476 2637 καί
484 2627 499 2645 ,
526 2611 669 2636 sanum
683 2600 755 2636 vix
774 2605 856 2647 est,
883 2612 959 2636 nec
976 2597 1097 2635 fidem
1112 2594 1319 2646 praestabo
1336 2593 1538 2630 coniectu-

97 2660 187 2686 rae:
213 2654 364 2706 στρατῷ
377 2655 507 2693 παντί.
561 2655 622 2691 H.

209 2705 264 2742 ib.
286 2719 325 2745 v.
351 2711 411 2750 17.
468 2722 546 2747 non
563 2709 810 2760 Tribigildo,
841 2716 882 2746 ut
899 2710 936 2746 Τ
938 2708 1180 2746 sslemontius
1203 2712 1234 2746 t.
1254 2703 1280 2746 5
1302 2717 1343 2757 p-
1359 2700 1442 2746 453
1459 2715 1537 2755 ΡΠ-
