1774 3002
238 108 304 155 90
860 103 1054 149 zosnm

238 221 444 274 κατέδυεν,
480 217 579 263 ὥστε
601 217 750 276 ἄνδρας
769 218 842 273 μὲν
859 218 1216 272 πεντακισχιλίους,
1249 219 1348 267 ναῦς
1367 215 1410 260 δὲ
1429 212 1674 272 αῧτᾶνδρους

239 293 517 347 διαφθαρῆναι
547 285 760 344 τριάκοντα
787 289 854 329 καὶ
883 284 1045 338 ἑκατόν,
1076 286 1135 328 δι’
1168 279 1223 328 ὧν
1252 283 1386 338 ἔτυχεν
1413 283 1434 326 ὃ
1466 285 1674 332 Λικίννιος

237 363 310 400 τοῦ
343 361 516 414 στρατοῦ
547 357 668 412 μέρος
699 356 740 397 ἐκ
772 359 844 410 τῆς
871 353 1036 414 Θρᾴκης
1057 356 1112 404 εἷς
1134 353 1205 408 τὴν
1221 352 1357 395 Ἀσίαν
1377 351 1585 406 ἐκπέμψας
1606 347 1674 392 οἷα

236 424 610 481 στενοχωρουμένων
632 427 689 480 τῷ
711 421 856 477 πλήθει
882 428 961 465 τῶν
980 421 1082 476 μετὰ
1101 421 1317 463 Λικιννίου
1332 410 1672 475 πολιορκουμένων

236 494 276 535 ἓν
307 498 365 550 τῷ
395 493 612 549 Βυζαντίῳ.
682 489 875 547 φυγόντος
896 491 938 532 δὲ
948 488 1140 543 Ἀβάντου
1160 488 1263 543 μετὰ
1279 485 1483 543 τεσσάρων
1498 490 1597 528 νεῶν
1618 487 1705 535 εῗςὸ

234 561 306 615 τὴν
329 562 484 612 Ἀσίαν,
519 559 570 602 τὰ
596 558 668 612 μὲν
700 562 772 612 τῆς
798 560 1023 612 ναυμαχίας
1044 562 1184 599 τοῦτον
1203 553 1472 609 διεπολεμήθη
1492 553 1562 595 τὸν
1579 551 1675 610 196—

235 642 330 670 πον·
366 630 512 670 πλοίων
534 628 576 669 δὲ
599 633 766 667 παντοῖα
793 625 1031 679 κομιζόντων
1054 626 1200 682 φορτία
1223 626 1279 674 εἷς
1300 623 1368 665 τὸν
1384 619 1675 676 Ἑλλήσποντον

237 697 488 753 ἀφικομένων
517 696 582 736 καὶ
611 695 795 748 πλείστην
816 695 1042 748 ἐπιτηδείων
1060 692 1247 749 εὐπορίαν
1267 697 1350 741 τοῖς
1370 690 1674 732 Κωνσταντίνου

236 771 471 820 στρατηγοῖς
500 760 819 816 ἓμποιησάντων,
855 760 1044 816 ἀνήγοντο
1076 761 1148 814 μὲν
1174 753 1282 802 οὗτοι
1313 757 1414 813 μετὰ
1437 761 1510 799 τοῦ
1529 754 1674 799 στόλου

1760 376 1774 423 ’ἒ

1763 427 1774 458 3

237 832 384 881 παντὸς
403 829 457 881 ὡς
476 837 559 880 τοῖς
577 829 622 871 τὸ
643 828 861 880 Βυζάντιον
880 832 1135 885 πολιορκοῦσι
1155 827 1435 880 συμμίξοντες,
1469 821 1674 866 κυκλωσό-
1686 825 1730 860 10
1773 818 1774 821 ¹

236 916 346 953 μενοι
373 900 415 940 δὲ
435 900 502 940 καὶ
525 897 591 939 διὰ
611 895 824 951 θαλάσσης
840 897 911 951 τὴν
926 895 1061 947 πόλιν,
1092 896 1129 936 οἷ
1154 896 1197 937 δὲ
1216 895 1427 936 Λικιννίου
1446 893 1552 944 πεζοὶ
1572 890 1675 945 μηδὲ

237 967 309 1020 τὴν
331 967 435 1008 θέαν
460 970 531 1020 τῆς
555 969 738 1018 ναυτικῆς
761 962 965 1018 δυνάμεως
984 961 1224 1013 ὑποστάντες
1233 994 1247 1014 ,
1281 958 1558 1016 ἐπιλαβόμενοι
1577 963 1676 1001 νεῶν

239 1037 294 1084 εἷς
312 1035 381 1076 τὸν
395 1035 630 1075 Ἐλαιοῦντα
651 1032 855 1075 ἀπέπλεον.

374 1103 452 1146 25.
515 1102 759 1157 Ἐγκείμενος
776 1101 818 1142 δὲ
833 1103 883 1156 τῇ
898 1099 1106 1157 πολιορκίᾳ
1123 1099 1443 1147 Κωνσταντῖνος,
1474 1094 1540 1136 καὶ
1553 1097 1676 1148 χῶμα

238 1169 326 1211 ἴσον
356 1168 444 1223 ἕχον
476 1168 584 1223 ὕψος
608 1173 666 1225 τῷ
686 1170 802 1222 τείχει
826 1165 1147 1217 κατασκευάσας,
1182 1163 1358 1222 πύργους
1377 1181 1418 1206 τε
1441 1160 1592 1217 στήσας
1612 1162 1674 1202 ἐπὶ
1688 1164 1730 1200 15

239 1242 313 1281 τοῦ
330 1236 522 1291 χώματος
541 1237 740 1287 ξυλίνους,
774 1235 1048 1290 ὑψηλοτέρους
1067 1238 1140 1275 τοῦ
1157 1234 1332 1287 τείχους,
1367 1232 1422 1273 δι’
1447 1224 1502 1273 ὧν
1519 1229 1614 1280 τοὺς
1631 1227 1677 1270 τὸ

239 1312 367 1358 ’τεῖχος
401 1303 675 1361 φυλάττοντας
706 1302 979 1353 κατετόξευον,
1014 1299 1069 1351 ὥς
1102 1300 1151 1342 ἂν
1179 1300 1243 1342 ἐπ’
1279 1300 1415 1349 ἀδείας
1446 1297 1581 1354 κριοὺς
1611 1297 1678 1338 καὶ

240 1372 366 1422 ἄλλας
398 1372 580 1426 μηχανὰς
616 1375 673 1428 τῷ
707 1372 823 1425 τείχει
857 1368 1074 1426 προσάγοι,
1110 1370 1292 1410 διενοεῖτο
1322 1366 1394 1421 τὴν
1421 1364 1537 1407 πόλιν
1564 1363 1677 1406 ἑλεῖν.

237 1438 392 1489 τούτοις
414 1438 434 1481 ὃ
456 1441 665 1489 Λικίννιος
694 1437 965 1494 ἀπορούμενος
991 1437 1108 1492 ἔγνω,
1140 1434 1369 1478 καταλιπὼν
1389 1433 1436 1476 τὸ
1458 1430 1677 1483 Βυζάντιον

236 1509 303 1549 καὶ
327 1509 367 1548 ἓν
384 1505 512 1564 τούτῳ
532 1507 588 1566 τὸ·
598 1511 669 1560 τῆς
686 1510 876 1563 στρατιᾶς
895 1505 1180 1558 ἀσθενέστερον
1199 1501 1342 1554 ε’άσας,
1374 1501 1476 1556 μετὰ
1494 1497 1574 1543 τῶν
1591 1501 1734 1541 ἔπι-20

236 1577 400 1629 τηδείων
437 1575 475 1616 οἳ
508 1577 573 1616 καὶ
612 1576 802 1629 δείγματα
841 1573 995 1622 εὐνοίας
1028 1574 1083 1622 εἷς
1115 1571 1236 1613 αὖτὸν
1272 1568 1589 1622 ἀποδειξαμένων
1623 1569 1679 1616 εἷς

236 1641 483 1697 Χαλκηδόνα
509 1648 581 1695 τῆς
604 1643 803 1691 Βιθυνίας
828 1643 1015 1697 δραμεῖν·
1051 1637 1294 1682 πεπιστεύκει
1319 1637 1396 1694 γὰρ
1430 1634 1484 1686 ὥς
1512 1633 1678 1689 δυνήσε-

237 1727 302 1752 ται
336 1710 528 1768 στρατιὰν
561 1712 604 1751 ἐκ
638 1714 710 1764 τῆς
737 1710 872 1759 Ἀσίας
904 1706 1137 1764 συναγαγών
1173 1701 1295 1756 αὖθις
1327 1703 1677 1758 ἀναμαχέσασθαι.

329 1851 373 1886 17
394 1848 655 1891 κατετόξευενὶ)

241 1983 308 2017 que
324 1971 425 2012 milia,
449 1983 551 2005 naves
570 1983 643 2005 cum
658 1970 843 2005 hominibus
858 1973 989 2004 centum
1005 1972 1042 2003 et
1054 1969 1191 2014 triginta
1208 1968 1375 2014 perirent3
1396 1965 1516 2011 quibus
1531 1976 1551 1998 e
1564 1964 1679 1999 Thra·
1718 1990 1726 1994 .

241 2019 291 2051 cia
306 2023 434 2061 partem
452 2018 618 2050 exercitus
631 2018 664 2050 in
681 2018 792 2050 Asiam
808 2016 953 2049 Licinius
968 2019 1147 2060 propterea
1161 2013 1400 2056 transmiserat,
1423 2010 1512 2056 quod
1525 2010 1591 2044 illis
1605 2021 1680 2045 cum

241 2075 281 2096 eo
297 2063 386 2095 intra
402 2062 519 2094 urbem
534 2062 680 2095 obsessis
692 2061 887 2105 Byzantium
905 2071 985 2102 prae
999 2059 1206 2093 multitudine
1221 2058 1314 2091 nimis
1329 2062 1436 2090 artum
1452 2055 1582 2089 fuisset.
1606 2067 1680 2090 cum

240 2111 351 2141 autem
365 2107 399 2139 in
415 2106 528 2140 Asiam
545 2107 685 2139 navibus
701 2111 860 2149 quattuor
874 2104 1025 2138 Abantus
1040 2105 1235 2148 aufugisset,
1257 2107 1291 2136 et
1305 2102 1423 2136 navale
1437 2101 1598 2146 proelium
1614 2097 1683 2135 hoc'

239 2153 336 2186 modo
364 2157 547 2197 pugnatum
573 2156 680 2193 esset,
711 2151 841 2194 iamque
869 2161 972 2183 naves
996 2149 1038 2182 ad
1059 2150 1314 2195 Hellespontum
1341 2147 1570 2192 appulissent,
1591 2157 1680 2191 quae

240 2209 342 2231 onera
363 2197 459 2230 varia
483 2197 721 2240 maximamque
737 2201 937 2229 commeatus
953 2194 1081 2239 copiam
1097 2193 1307 2228 Constantini
1322 2192 1463 2226 ducibus
1482 2191 1678 2235 attulerant,

239 2243 394 2276 universa
410 2242 458 2275 illi
474 2253 544 2275 cum
561 2242 669 2277 classe
683 2241 830 2282 solvunt,
851 2246 889 2273 ut
902 2251 940 2273 se
956 2251 1028 2272 cum
1043 2240 1083 2273 iis
1098 2240 1154 2284 qui
1172 2239 1368 2283 Byzantium
1385 2237 1584 2272 obsidebant
1598 2247 1679 2270 con-

239 2289 438 2332 iungerent,
466 2292 500 2320 et
527 2287 641 2320 urbem
667 2286 748 2319 mari
772 2297 906 2330 quoque
930 2285 1114 2328 cingerent.
1160 2284 1276 2318 Licinii
1298 2284 1429 2328 pedites
1453 2293 1526 2316 cum
1541 2292 1584 2315 ne
1597 2293 1679 2315 con-

239 2338 389 2378 spectum
418 2332 549 2377 quidem
576 2332 745 2376 copiarum
772 2331 902 2365 illarum
927 2331 1133 2364 nauticarum
1157 2329 1410 2371 sustinuissent,
1431 2327 1567 2372 navigia
1589 2326 1681 2362 nacti

235 2379 436 2413 Elaeuntem
452 2377 687 2411 discesserunt.
1310 2403 1314 2406 Δ

327 2424 382 2458 25.
430 2422 672 2456 Constantinus
696 2421 898 2455 obsidionem
916 2431 1038 2465 urgens
1054 2430 1127 2454 cum
1142 2430 1298 2464 aggerem
1313 2418 1405 2463 paris
1420 2429 1493 2452 cum
1510 2417 1613 2452 muris
1628 2416 1680 2450 al-

235 2469 385 2504 titudinis
411 2468 612 2508 excitasset,
636 2471 671 2500 et
697 2471 808 2500 turres
834 2466 961 2509 ligneas
986 2467 1060 2511 ipso
1075 2476 1166 2499 muro
1183 2464 1389 2498 sublimiores
1403 2463 1437 2497 in
1453 2473 1580 2507 aggere
1597 2473 1679 2495 cou-

232 2515 415 2556 minuisset,
440 2513 483 2547 de
508 2513 628 2557 quibus
649 2512 733 2545 muri
755 2512 949 2545 defensores
975 2511 1053 2544 telis
1077 2511 1295 2555 petebantur,
1318 2514 1358 2542 ut
1382 2508 1508 2542 arietes
1527 2507 1680 2552 aliaeque

236 2560 410 2593 machinae
425 2569 517 2592 muro
528 2558 619 2592 citra
634 2557 813 2602 periculum
829 2556 1107 2598 admoverentur,
1131 2556 1244 2588 urbem
1261 2565 1383 2598 capere
1397 2553 1578 2596 cogitabat.
1625 2551 1677 2585 his

235 2605 383 2638 Licinius
399 2604 439 2637 ad
456 2603 601 2648 inopiam
616 2602 740 2636 consilii
756 2601 911 2635 redactus
923 2602 1041 2634 statuit
1052 2602 1186 2635 deserto
1196 2599 1374 2643 Byzantio,
1391 2603 1427 2631 et
1438 2597 1560 2632 ibidem
1572 2607 1677 2630 exer·-

236 2650 321 2683 citus
342 2649 517 2682 infirmiori
543 2652 642 2694 parte
663 2647 803 2689 relicta,
829 2657 903 2679 cum
923 2647 1064 2680 maxime
1085 2645 1147 2679 sibi
1166 2644 1383 2686 necessariis,
1406 2643 1463 2688 qui
1478 2643 1678 2676 etbenevo-

236 2695 370 2728 lentiam
387 2694 419 2728 ei
434 2705 529 2728 suam
543 2694 770 2740 probaverant
781 2717 790 2734 ,
816 2692 1061 2726 chalcedonem
1078 2690 1257 2733 Bithyniae
1271 2700 1369 2733 quam
1384 2689 1522 2732 primum
1537 2698 1575 2720 se
1588 2685 1679 2720 reei-

235 2751 335 2784 pere:
359 2750 433 2773 nam
457 2739 534 2774 fieri
555 2750 657 2785 posse
675 2737 865 2772 crediderat
888 2741 924 2771 ut
948 2748 990 2771 ex
1013 2736 1094 2771 Asia
1109 2736 1248 2770 collecto
1264 2733 1413 2769 exercitu
1429 2733 1604 2767 dimicaret
1616 2731 1680 2765 de-
