1748 3016
174 66 272 114 438

220 186 242 208 e
256 172 433 208 Britannia
447 173 654 210 Germanicis
666 175 710 211 ad
725 175 879 210 Rhenum

219 219 357 254 urbibus
389 219 586 255 submissum
616 222 693 263 129,
714 223 747 257 8.
806 222 880 256 fru-

220 265 324 300 menti
351 268 387 299 et
415 266 579 310 pecuniae
603 267 796 310 pensionem
818 277 881 300 an-

221 321 323 345 nuam
337 310 484 356 postulat
497 311 671 345 Alarichus
686 313 765 354 315,
782 313 815 346 5.

175 357 317 400 fugaces
341 355 460 390 milites
482 356 581 391 armis
596 357 716 392 nudari
731 362 767 391 et
780 356 880 391 vendi

221 400 312 435 soliti
332 401 408 443 183,
429 402 481 436 16.
752 422 756 426 -

175 445 314 491 fugitivi
339 446 536 481 Hunnorum
563 447 695 482 nomine
721 450 882 493 usurpato

222 502 285 537 per
300 490 480 526 Thraciam
497 498 695 536 grassantur
708 494 787 536 277,
805 494 860 528 19.

175 536 333 580 fulgetris
356 537 486 581 magico
510 538 653 573 artificio
669 538 788 573 elicitis
803 550 885 585 pro-

222 581 333 625 fugati
348 582 460 615 hostes
474 583 553 626 305,
572 585 605 617 8.

177 626 325 660 fulminis
338 626 372 660 in
389 627 548 672 palatium
564 627 720 661 immissio
736 627 885 662 ominosa

224 672 301 714 192,
317 672 350 706 3.
395 672 542 706 fulminis
561 684 620 706 seu
641 673 786 717 fulguris
801 684 883 707 con-

222 717 368 750 iectores
386 723 485 761 atque
500 718 701 762 interpretes
717 719 773 759 63,
791 721 846 752 10.

178 761 325 797 fustibus
336 768 371 795 et
383 762 486 796 clavis
498 763 615 796 armati
626 763 749 797 milites
759 763 815 806 46,
831 764 886 798 18.

222 806 369 842 fustibus
394 807 436 841 ad
460 812 602 842 mortem
623 819 730 853 usque
746 807 836 842 caesi
851 809 886 842 in

224 857 355 897 quaest.
370 852 462 896 publ.
477 854 557 895 297,
571 854 606 887 2.

180 896 413 942 Gadalaiphus
428 897 546 931 Iuliani
560 898 627 932 dux
644 898 720 938 151,
734 899 767 933 6.

179 942 310 975 Gaines
325 943 420 978 barb.
434 942 499 976 mil.
518 943 585 977 dux
599 943 678 984 242,
695 944 748 978 12.
803 943 886 977 Ste-

223 987 347 1021 lichoni
387 987 550 1022 adversus
590 988 748 1022 Rufinum
781 992 886 1022 navat

224 1043 362 1077 operam
387 1033 465 1075 255,
483 1034 516 1070 9.
561 1044 618 1067 res
643 1044 747 1067 novas
770 1044 830 1067 cur
850 1036 886 1067 et

222 1077 391 1122 quomodo
429 1078 562 1112 molitus
590 1088 666 1113 cum
697 1078 886 1123 Tribigildo

223 1124 303 1165 262,
313 1123 347 1157 5.
393 1123 507 1157 fictum
523 1135 596 1158 cum
608 1123 799 1168 Tribigildo
813 1124 888 1157 bel-

224 1168 292 1201 lum
309 1167 397 1210 gerit
411 1169 491 1209 263,
506 1168 558 1203 14.
582 1179 699 1214 pacem
714 1181 789 1203 cum
803 1169 889 1203 Tri-

224 1213 353 1256 bigildo
369 1213 451 1247 facit
464 1214 608 1255 268,23.
655 1219 794 1248 conatus
809 1225 888 1248 suos

224 1262 344 1292 contra
367 1259 497 1302 Cpolim
519 1259 617 1293 nimio
643 1260 757 1294 rurore
774 1259 889 1294 irritos

225 1303 338 1336 reddit.
358 1304 436 1347 272,
451 1304 486 1337 2.
533 1315 608 1345 cum
631 1304 771 1338 Fraiuto
793 1304 889 1338 dimi-

227 1358 307 1381 cans
333 1353 511 1392 superatur
527 1349 606 1392 275,
623 1351 677 1385 21.
723 1350 766 1382 ab
790 1350 890 1382 Hun-

225 1403 341 1426 norum
368 1404 450 1436 rege
476 1393 564 1426 Ulde
585 1393 716 1427 occisus
736 1395 816 1434 277,
835 1395 890 1428 12.

226 1442 329 1481 caput
355 1437 424 1470 eius
449 1438 579 1482 Cpolim
593 1438 638 1472 ad
652 1438 890 1484 imperatorem

227 1482 362 1516 missum
377 1483 456 1524 277,
473 1483 526 1519 15.

183 1527 292 1561 Gaiso
310 1528 505 1561 Constantis
519 1539 698 1573 percussor
715 1530 793 1572 108,
813 1530 869 1564 12.

183 1573 347 1651 Galatae2
385 1573 607 1608 occidentales
650 1573 676 1609 i.
725 1584 757 1611 e.
800 1573 895 1609 Galli

228 1619 307 1659 201,
351 1643 359 1652 .

183 1663 343 1697 Galerius
383 1662 608 1698 Maximianus
648 1665 738 1708 Aug.
777 1664 834 1703 72,
857 1665 893 1699 8.

227 1709 894 1799 ''M“{ssssssz5‘222.?35⁸?15325122³30⁷„}.32

228 1799 360 1831 frustra
373 1798 428 1839 74,
438 1800 542 1844 3sqq.
569 1801 682 1833 morbo
697 1799 788 1844 perit
796 1800 852 1841 76,
861 1799 894 1833 5.

229 1843 394 1876 Licinium
411 1846 599 1887 Augustum
614 1844 710 1888 eligit
723 1845 780 1884 76,
796 1845 832 1879 3.

187 1888 291 1922 Galla
343 1888 570 1923 Valentiniani
614 1889 686 1923 filia
721 1890 801 1932 226,
837 1889 895 1923 20.

234 1932 431 1966 Theodosio
475 1945 564 1967 uxor
609 1934 708 1968 datur
742 1936 823 1977 228,
861 1935 895 1968 9.

234 1977 463 2011 Theodosium
493 1980 538 2013 ad
569 1979 789 2013 ulciscendam
825 1979 898 2012 sra-

233 2023 296 2056 tris
313 2034 427 2056 necem
441 2023 579 2068 instigat
591 2025 671 2067 240,
682 2026 716 2060 2.
746 2024 782 2058 in
796 2028 899 2070 partu

234 2067 374 2100 moritur
387 2068 466 2110 242,
485 2069 539 2103 16.

192 2112 346 2146 Gallicae
370 2112 567 2157 provinciae
588 2113 822 2149 Britannorum
839 2125 900 2148 ex-

238 2158 354 2237 emplo1
377 2158 414 2192 in
441 2158 630 2193 libertatem
663 2171 700 2194 se
732 2160 902 2194 vindicant

239 2204 318 2246 322,
357 2204 389 2237 2.

196 2248 372 2282 Gallienus
398 2259 419 2281 a
444 2250 541 2292 patre
556 2247 598 2282 ad
615 2249 744 2294 imperii
762 2260 901 2283 consor-

238 2293 321 2326 tium
347 2293 544 2326 adsciscitur
558 2295 614 2335 29,
628 2296 662 2328 7.
707 2294 802 2328 bellis
825 2294 901 2338 qui-

239 2339 303 2371 bus
334 2338 523 2382 implicatus
545 2339 602 2379 35,
627 2340 670 2372 10
694 2359 740 2366 —
766 2341 821 2378 38,
843 2342 901 2374 21.

240 2383 369 2416 insidiis
386 2383 505 2427 quibus
522 2383 739 2428 interemptus
754 2385 809 2424 38,
821 2384 854 2417 2.

197 2428 319 2461 Gallus
350 2428 510 2462 Tanaidis
538 2429 633 2472 ripae
663 2429 902 2462 custodiendae

240 2473 434 2516 impositus,
483 2473 613 2518 perfida
644 2483 718 2507 cum
752 2474 902 2507 barbaris

242 2522 359 2551 contra
383 2518 523 2552 Decium
549 2518 612 2552 init
637 2518 772 2552 consilia
794 2518 852 2561 25,
867 2518 901 2552 4.

242 2563 414 2607 imperium
430 2567 468 2596 ut
481 2563 626 2607 gesserit
639 2563 695 2609 25,
712 2564 766 2598 16.
826 2574 900 2597 cum

242 2608 312 2640 filio
328 2614 466 2642 necatur
480 2611 536 2652 28,
554 2611 607 2643 10.

201 2653 322 2686 Gallus
339 2653 467 2686 Caesar
481 2665 500 2687 a
520 2653 738 2688 Constantino
751 2654 903 2699 patruele

245 2698 377 2742 dicitur,
395 2703 430 2732 et
444 2699 662 2735 Constantiae
678 2698 808 2735 sororis
822 2711 902 2734 con-

622 68 804 114 INDEX
836 67 1187 112 HISTORICUS.

967 174 1071 210 nnbio
1097 173 1287 209 devincitur
1316 174 1394 217 110,
1420 173 1477 209 21.
1532 173 1624 210 culn·-

968 220 1167 255 mniatorum
1205 218 1427 254 delationibus
1462 218 1625 263 dignitate

967 265 1098 310 pariter
1111 276 1151 299 ac
1164 264 1238 302 vim
1252 264 1401 309 privatur
1417 265 1494 308 121,
1511 265 1566 300 18.

925 310 1108 344 Gaudentii
1125 310 1215 344 filius
1227 311 1308 354 298,
1325 311 1382 345 11.

925 357 1025 390 Gaza
1040 356 1120 390 urbs
1140 358 1195 398 10,
1212 357 1246 391 9.

927 401 1117 435 Generidas
1135 401 1203 435 dux
1217 401 1296 442 311,
1310 400 1368 435 23.

925 447 960 481 in
976 446 1179 481 Germaniae
1191 445 1350 480 limitibus
1363 443 1407 478 ad
1422 442 1532 478 Rheni
1541 442 1630 478 ostia

973 491 1126 526 Gallicus
1142 491 1286 536 populus
1302 490 1378 532 129,
1393 489 1428 524 4.

928 537 1090 572 Germani
1112 537 1266 570 Rhenum
1295 534 1486 570 accolentes
1513 534 1631 568 Celtas

973 585 1100 616 vexant
1122 582 1178 622 29,
1202 582 1257 616 12.
1304 581 1548 614 Germanorum
1570 590 1630 612 na·-

973 627 1097 662 tionem
1110 630 1217 660 totam
1227 625 1373 660 debellat
1384 625 1398 658 1
1402 625 1532 659 ulianus
1540 625 1632 658 Cae-

973 683 1031 707 sar
1043 673 1120 714 126,
1131 673 1184 707 16.
1229 670 1388 705 Germani
1398 668 1631 705 transrhenani

974 728 1038 763 per
1060 717 1181 751 Istrum
1203 715 1238 750 in
1253 715 1460 750 Pannoniam
1484 718 1521 749 et
1533 714 1631 750 Moe-

975 763 1058 796 siam
1077 765 1252 796 trameant
1264 762 1343 805 212,
1362 761 1416 795 15.

930 807 1154 843 Germanicae
1166 807 1391 841 Romanorum
1402 804 1503 838 urbes
1517 815 1538 838 a
1553 803 1634 838 bar-

975 853 1067 886 baris
1092 851 1263 886 Rhenanis
1285 851 1486 885 infestantur
1506 849 1561 892 57,
1577 850 1634 884 20.

976 897 1177 932 Germanica
1184 896 1274 931 natio
1283 901 1359 930 tota
1366 894 1508 929 rebellat
1517 895 1593 938 183,
1601 896 1634 928 1.

976 943 1250 977 Germanicarum
1275 946 1311 976 et
1334 941 1536 975 Celticarum
1551 950 1636 985 gen·

977 988 1057 1022 tium
1073 988 1208 1022 400000
1222 998 1321 1020 caesa
1336 987 1416 1029 248,
1430 987 1463 1020 8.

932 1033 1119 1074 Gerontius
1145 1031 1329 1067 Theodosii
1353 1031 1420 1065 dux
1434 1029 1636 1066 fortissimus

976 1080 1055 1122 221,
1073 1079 1127 1112 14.

932 1123 1116 1202 GerontiuZ
1138 1121 1310 1157 Graeciae
1332 1121 1445 1156 aditus
1459 1121 1546 1156 male
1558 1123 1637 1155 tue-

976 1174 1033 1204 tur
1047 1169 1090 1203 25
1142 1170 1174 1203 1.

933 1196 1126 1249 Gerontius’
1141 1213 1322 1248 Britannus
1343 1211 1414 1246 dux
1428 1209 1639 1246 Constantini

977 1260 1057 1300 319,
1072 1260 1107 1294 9.
1155 1259 1314 1292 barbaros
1336 1261 1452 1291 contra
1470 1257 1641 1290 Constan-

978 1305 1082 1338 tinum
1097 1304 1131 1337 in
1146 1303 1270 1338 Galliis
1285 1303 1434 1336 concitat
1447 1302 1527 1342 322,
1542 1302 1578 1336 2.

935 1350 1027 1383 Geta
1054 1349 1174 1382 Severi
1194 1348 1283 1382 filius
1295 1347 1330 1381 in
1347 1347 1458 1382 matris
1476 1345 1640 1392 amplexi·-

978 1395 1042 1428 bus
1057 1393 1247 1427 trucidatur
1263 1392 1318 1432 15,
1335 1394 1389 1429 19.

936 1439 1040 1473 Gildo
1064 1438 1213 1472 Africam
1235 1437 1399 1481 quomodo
1421 1438 1457 1472 et
1480 1447 1548 1482 quo
1561 1447 1640 1471 sue-

981 1494 1077 1518 cessu
1095 1483 1270 1528 occuparit
1284 1483 1363 1524 260,
1382 1483 1435 1517 12.

936 1529 1050 1574 gladio
1078 1527 1304 1562 dedititiorum
1328 1527 1478 1561 cervices
1498 1526 1642 1573 perstri-

984 1577 1060 1608 ctae
1073 1576 1202 1608 tantum
1211 1598 1224 1616 ‚
1241 1583 1308 1606 non
1322 1583 1503 1625 percussae
1515 1574 1595 1616 271,
1607 1574 1642 1607 6.

936 1618 1157 1664 gladiatorum
1214 1616 1355 1653 rebellio
1409 1618 1473 1652 sub
1526 1618 1642 1653 Probo

938 1709 1119 1743 Gomarius
1132 1706 1291 1754 Procopii
1305 1707 1372 1742 dux
1389 1708 1464 1753 181,
1480 1708 1538 1742 20.

939 1754 1134 1789 Gordianus
1150 1753 1263 1788 senior
1276 1764 1351 1786 cum
1366 1750 1436 1787 filio
1451 1754 1537 1797 Aug.
1551 1763 1574 1785 a
1585 1762 1643 1785 se-

985 1804 1070 1834 natu
1096 1799 1244 1833 Romano
1259 1798 1450 1840 dicitur19,
1463 1798 1495 1833 4.
1549 1798 1645 1832 Gor-

987 1845 1160 1878 dianorum
1178 1843 1333 1887 interitus
1347 1845 1402 1885 20,
1416 1845 1450 1878 9.

942 1889 1138 1925 Gordianus
1147 1888 1256 1923 iunior
1267 1888 1311 1922 ad
1323 1888 1498 1933 imperium
1511 1891 1548 1921 ut
1562 1899 1645 1922 eve-

988 1938 1065 1969 ctus
1091 1939 1128 1968 et
1153 1933 1317 1978 quomodo
1335 1933 1369 1967 id
1384 1933 1528 1977 gesserit
1540 1935 1597 1976 20,
1610 1934 1646 1968 6.

987 1980 1021 2014 in
1036 1979 1147 2014 media
1158 1978 1299 2013 Perside
1311 1977 1440 2013 interiit
1450 1978 1547 2020 22,3.
1590 1981 1647 2012 tu-

988 2025 1096 2059 mulus
1111 2024 1183 2059 eius
1197 2024 1231 2058 in
1245 2023 1387 2057 Perside
1403 2022 1480 2066 144,
1491 2024 1525 2058 9.

944 2069 1067 2104 Gotthi
1109 2068 1332 2104 transistriani
1373 2079 1458 2111 gens
1499 2069 1556 2110 26,
1586 2069 1646 2104 23.

990 2114 1168 2149 Graeciam
1198 2117 1333 2147 vastant
1360 2114 1418 2155 27,
1437 2114 1469 2147 1.
1513 2113 1646 2148 ltaliam

988 2161 1147 2195 infestant
1168 2159 1225 2201 30,
1241 2160 1276 2193 2.
1322 2169 1396 2192 cum
1422 2158 1563 2201 Scythis
1586 2159 1661 2204 de-v

989 2216 1034 2284 {¹11¹
1036 2216 1161 2283 ⁰553?
1164 2216 1184 2250 Ρ
1186 2203 1647 2284 ἓῗὲῗᾏωὲοοξῗοῗὲὃοῗξ

1550 2274 1561 2291 ,
1585 2276 1589 2279 ¹
1638 2275 1649 2285 Ο

991 2306 1014 2328 a
1042 2295 1185 2328 Valente
1212 2293 1391 2327 vincuntur
1422 2293 1499 2337 184,
1525 2295 1547 2328 7
1570 2305 1649 2338 sqq.

992 2340 1113 2374 Gotthi
1140 2344 1175 2373 et
1197 2338 1300 2372 ceteri
1314 2343 1405 2372 trans
1419 2339 1539 2372 Istrum
1555 2339 1648 2382 Scy-

990 2385 1089 2427 thae,
1113 2385 1156 2418 ab
1171 2383 1302 2417 Hunnis
1315 2383 1456 2428 expulsi,
1479 2384 1649 2425 Romanos

991 2430 1076 2463 fines
1091 2429 1217 2462 intrare
1231 2433 1397 2472 coguntur
1413 2429 1490 2470 195,
1505 2428 1540 2463 4.

947 2474 1092 2508 Graecia
1106 2475 1294 2508 libertatem
1309 2477 1344 2507 et
1356 2473 1531 2519 imperium
1541 2473 1650 2508 ambi-

990 2519 1087 2553 tiosis
1114 2518 1383 2553 contentionibus
1405 2518 1516 2552 amisit
1539 2519 1571 2559 9,
1591 2521 1647 2554 10.

991 2565 1062 2598 eius
1092 2564 1269 2610 proconsul
1297 2562 1426 2608 perfide
1453 2563 1648 2609 provinciae

989 2615 1126 2655 praeest
1139 2609 1219 2652 252,
1233 2608 1267 2642 5.

946 2655 1086 2735 Grgepi5
1106 2655 1293 2689 clarescere
1318 2652 1451 2699 quando
1476 2654 1648 2701 coeperint

1016 2725 1027 2744 ,
1088 2723 1098 2734 .
