1774 3002
63 338 245 374 Macrinus.

109 396 140 420 a.
159 387 226 420 217

45 1283 244 1319 Alexander.

275 81 333 128 16
884 84 1080 128 ZOSIMI

407 194 480 239 10.
542 193 648 237 Ἐπεὶ
671 195 714 236 δὲ
731 196 795 237 καὶ
810 195 1038 246 Ἀντωνῖνος
1059 194 1178 239 ἔδωκε
1199 199 1270 251 τῆς
1288 194 1598 254 ἀδελφοκτονίας
1610 198 1694 252 μετ’

268 261 313 303 οὐ
333 263 433 304 πολὺ
456 264 579 317 δίκην,
614 264 678 304 καὶ
698 262 822 305 αὐτοῦ
842 269 914 306 τοῦ
935 265 1150 315 παίσαντος
1169 269 1310 307 τοῦτον
1327 264 1611 320 ἀγνοηθέντος,
1644 265 1697 307 τὰ
1756 269 1774 310 4

265 331 338 383 μὲν
367 332 408 371 ἐν
433 328 567 386 Ῥώμῃ
600 330 850 386 στρατόπεδα
882 334 1095 388 Μακρῖνον
1127 332 1309 390 ὕπαρχον
1343 331 1438 374 ὄντα
1469 337 1542 387 τῆς
1570 333 1696 387 αὐλῆς
1767 319 1774 342 ³

263 399 510 440 ἀναδείκνυσι
541 399 732 451 βασιλέα,
779 399 830 441 τὰ
855 401 898 441 δὲ
915 399 1018 442 κατὰ
1039 399 1111 455 τὴν
1139 399 1243 457 ἑῴαν
1262 398 1476 455 Ἐμεσηνόν
1495 417 1534 443 τι
1553 399 1695 458 μειρά-

260 482 345 508 κιον
375 464 429 515 ὥς
458 467 556 521 γένει
590 470 640 522 τῇ
665 466 894 509 Ἀντωνίνου
926 469 1048 523 μητρὶ
1080 465 1387 522 συναπτόμενον.
1454 466 1622 511 ἑκάστου
1653 468 1729 510 6ὲό
1771 487 1774 508 ;

263 533 559 589 στρατεύματος
586 538 658 588 τῆς
683 536 827 584 οἰκείας
847 533 1102 591 ἀναρρήσεως
1127 535 1386 590 ἀντεχομένου
1409 534 1548 586 στάσις
1568 534 1698 593 ἐμφό-
1768 534 1774 591 j

262 605 347 651 λιος
370 596 441 655 ἦν,
487 605 566 643 τῶν
594 602 667 655 μὲν
694 604 783 658 περὶ
812 602 882 644 τὸν
900 603 1113 657 Ἐμεσηνόν
1126 603 1355 646 Ἀντωνῖνον
1380 602 1554 659 ἀγόντων
1577 603 1699 646 αὐτὸν
1772 611 1774 614 “

263 669 326 710 ἐπὶ
346 670 418 723 τὴν
432 667 600 723 Ῥώμην,
633 673 712 711 τῶν
731 671 775 712 δὲ
791 671 1007 727 Μακρίνου
1026 675 1280 726 στρατιωτῶν
1299 669 1602 728 ἐξορμησάντων
1619 670 1699 714 ἀπὸ

263 741 335 790 τῆς
360 737 541 786 Ἰταλίας.
608 735 888 790 συμπεσόντων
915 739 958 780 δὲ
978 737 1165 792 ἀλλήλοις
1186 742 1266 780 τῶν
1287 739 1565 796 στρατοπέδων
1585 739 1628 782 ἐν
1648 742 1699 796 τῇ

263 804 366 846 κατὰ
395 806 547 861 Συρίαν
579 803 816 866 Ἀντιοχείᾳ,
871 810 931 863 τῷ
963 807 1080 847 παντὶ
1113 808 1326 862 Μακρῖνος
1358 807 1598 857 ἐλαττωθεὶς
1630 807 1698 848 καὶ
1709 799 1774 848 1οἷ

265 876 373 928 φυγῇ
390 872 435 914 τὸ
457 870 723 928 στρατόπεδον
747 872 975 915 καταλιπών
997 875 1052 923 εἷς
1071 873 1140 915 τὸν
1160 873 1315 927 μεταξῦ
1330 873 1519 930 πορθμὸν
1540 875 1699 926 Βυζαν-
1767 916 1774 931 ξ

263 941 348 983 τίου
370 942 437 982 καὶ
455 938 718 994 Χαλκηδόνος
736 939 937 984 ἁλίσκεται
945 972 959 992 ,
988 943 1054 983 καὶ
1071 941 1116 984 τὸ
1139 945 1256 995 σῶμα
1278 940 1506 995 ξαινόμενος
1524 945 1700 1000 τελευτᾷ.
1764 936 1774 988 i

402 1008 477 1052 11-
546 1012 634 1049 Τοῦ
656 1009 699 1050 δὲ
719 1009 949 1052 Ἀντωνίνου
971 1007 1242 1064 κρατήσαντος
1270 1011 1337 1051 καὶ
1356 1016 1440 1059 τοῖς
1456 1009 1510 1051 τὰ
1530 1011 1700 1066 Μακρί-
1765 997 1774 1092 i

262 1091 333 1116 νου
356 1074 603 1131 φρονήσασιν
624 1074 678 1126 ὥς
699 1077 928 1131 δυσμενέσιν
950 1075 1251 1128 ἐπεξελθόντος,
1273 1075 1326 1118 τά
1342 1094 1383 1119 τε
1401 1076 1505 1118 ἄλλα
1524 1079 1701 1134 αἰσχρῶς
1762 1086 1774 1102 ’-

263 1145 330 1184 καὶ
352 1144 623 1194 ἐπονειδίστως
640 1143 902 1197 βεβιωκότος,
938 1142 1082 1199 μάγοις
1109 1161 1150 1186 τε
1176 1146 1243 1186 καὶ
1265 1142 1456 1200 ἀγύρταις
1482 1103 1774 1231 {cugniano-15³

260 1228 352 1262 τος,
397 1210 468 1253 οὐκ
499 1210 714 1266 ἐνεγκόντες
742 1213 779 1253 οἳ
805 1210 994 1264 Ῥωμαῖοι
1021 1211 1092 1264 τὴν
1121 1215 1193 1265 τῆς
1225 1211 1429 1266 ἀσελγείας
1460 1209 1700 1269 ὗπερβολήν,
1763 1232 1774 1275 ⁴3

261 1277 588 1334 κατασφάξαντες
618 1280 684 1320 καὶ
706 1279 750 1321 τὸ
776 1283 894 1332 σῶμα
918 1277 1207 1328 διασπάσαντες
1219 1278 1478 1336 Ἀλέξανδρον
1500 1279 1701 1330 ἀνέδειξαν
1763 1279 1774 1342 l

257 1346 450 1399 βασιλέα,
485 1347 552 1387 καὶ
577 1346 698 1389 αὐτὸν
722 1347 764 1388 ἐκ
787 1350 858 1400 τῆς
877 1345 1059 1401 Σεβήρου
1082 1350 1215 1401 γενεᾶς
1235 1344 1516 1402 καταγόμενον.
1584 1341 1701 1398 οὗτος

258 1414 345 1463 νέος
366 1413 420 1455 ὢν
442 1414 498 1455 ἔτι
519 1415 586 1454 καὶ
609 1413 767 1470 φύσεως
797 1408 839 1456 εὖ
869 1411 968 1467 ἔχων
999 1413 1160 1468 ἀγαθὰς
1191 1412 1339 1456 ἅπασιν
1359 1414 1424 1455 ἐπὶ
1446 1418 1498 1471 τῇ
1514 1415 1700 1474 βασιλείᾳ
1760 1407 1762 1409 ’

257 1480 400 1523 ἔδωκεν
425 1480 525 1534 ἔχειν
552 1481 735 1532 ἐλπίδας,
776 1479 992 1534 ἐπιστήσας
1019 1479 1224 1537 ὑπάρχους
1250 1485 1301 1539 τῇ
1329 1481 1432 1539 αὐλῇ
1466 1482 1698 1536 Φλαβιανόν
1756 1492 1759 1493 ’

258 1550 325 1590 καὶ
341 1547 555 1604 Χρηστόν,
602 1548 754 1606 ἄνδρας
781 1553 860 1591 τῶν
882 1566 923 1591 τε
946 1552 1169 1602 πολεμικῶν
1192 1548 1264 1591 οὔκ
1287 1548 1475 1606 ἀπείρους
1493 1551 1562 1592 καὶ
1581 1550 1635 1592 τὰ
1657 1551 1700 1592 ἐν

259 1614 394 1673 εἷρήνῃ
425 1619 623 1659 διαθεῖναι
642 1621 772 1667 καλῶς
795 1614 967 1666 ἱκανούς.
1033 1617 1239 1670 Μαμαίας
1263 1617 1308 1658 δὲ
1324 1621 1396 1672 τῆς
1412 1621 1486 1659 τοῦ
1502 1617 1700 1671 βασιλέως

349 1767 394 1801 20
415 1764 571 1801 δέδωκεν
589 1766 630 1800 L.

350 1902 405 1935 10.
451 1901 633 1944 Postquam
666 1902 700 1933 et
721 1899 907 1933 Antoninus
934 1899 1115 1934 fratricidii
1137 1910 1265 1943 poenas
1288 1899 1465 1934 interiecto
1485 1911 1553 1935 non
1577 1911 1697 1946 magno

259 1952 409 1990 tempore
425 1945 530 1986 dedit,
549 1957 591 1978 ne
605 1944 739 1988 cognito
755 1944 885 1988 quidem
902 1955 1047 1989 unquam
1058 1944 1161 1989 ipsius
1175 1956 1383 1989 percussore,
1398 1946 1583 1980 Macrinum
1596 1958 1698 1991 prae·-
1756 1951 1758 1956 ‘

260 1993 383 2025 fectum
400 1990 559 2034 praetorii
573 1991 692 2024 milites
703 2014 713 2031 ‚
740 1990 797 2033 qui
812 1989 854 2022 ad
870 1990 984 2024 urbem
999 1994 1095 2024 erant
1107 2016 1117 2032 ‚
1139 1989 1374 2034 imperatorem
1388 1990 1523 2032 dicunt3
1561 1992 1620 2036 qui
1634 2003 1698 2038 per

260 2036 433 2069 Orientem
443 2061 453 2077 ‚
476 2035 758 2068 adolescentulum
772 2034 936 2078 quendam
950 2034 1141 2069 Emisenum
1151 2060 1161 2078 ,
1185 2034 1288 2068 veluti
1302 2035 1361 2079 qui
1373 2046 1500 2078 genere
1513 2036 1611 2070 matri
1626 2039 1698 2071 An·-

258 2081 361 2115 tonini
379 2081 571 2114 coniunctus
586 2086 687 2114 esset.
734 2084 879 2123 utroque
896 2080 1047 2114 exercitu
1063 2079 1317 2124 appellationem
1329 2090 1425 2115 suam
1439 2085 1576 2124 tuente,
1598 2081 1697 2116 civile

259 2125 431 2160 discidium
447 2125 585 2168 exstitit,
607 2125 755 2158 Emiseni
769 2124 902 2168 quidem
916 2124 1074 2158 Antonini
1088 2124 1191 2170 copiis
1205 2125 1345 2159 Romam
1359 2136 1434 2159 eum
1447 2125 1694 2171 deducentibus,

258 2171 401 2205 Macrini
433 2181 513 2204 vero
536 2170 691 2204 militibus
716 2174 812 2204 extra
832 2169 962 2203 ltaliam
985 2170 1158 2214 profectis.
1201 2169 1259 2204 ubi
1280 2180 1395 2204 manus
1419 2171 1462 2205 ad
1483 2171 1696 2206 Antiochiam

256 2215 376 2261 Syriae
392 2215 638 2250 conseruissent
653 2215 831 2258 exercitus,
853 2214 962 2248 victus
976 2215 1105 2248 omnino
1120 2215 1302 2249 Macrinus.
1349 2216 1468 2250 castris
1483 2217 1567 2260 fuga
1578 2217 1696 2252 deseru-

253 2262 311 2304 tis,
335 2261 378 2295 ad
391 2261 602 2295 interiectum
616 2260 779 2305 Byzantio
795 2265 830 2294 et
845 2259 1051 2294 Chalcedoni
1065 2261 1188 2295 fretum
1205 2259 1337 2305 capitur
1353 2266 1390 2295 et
1405 2261 1598 2296 vulneribus
1612 2273 1694 2296 con-
1756 2279 1759 2281 ·

253 2308 362 2341 sectus
377 2318 436 2340 exs
461 2306 536 2340 irat.

346 2353 399 2386 11.
436 2319 530 2385 lLuni
552 2350 737 2385 Antoninus
759 2349 902 2384 victoria
924 2350 1052 2396 potitus
1079 2350 1123 2386 de
1144 2349 1187 2384 iis
1212 2349 1268 2394 qui
1285 2349 1429 2384 Macrini
1451 2353 1568 2396 partes
1585 2350 1695 2386 seculi

252 2398 407 2439 fuerant,
440 2396 535 2430 velut
557 2396 727 2438 hostibus,
761 2407 885 2440 poenas
908 2397 1123 2440 sumpsisset,
1155 2399 1191 2429 et
1204 2395 1307 2429 vitam
1322 2396 1495 2441 ceteroqui
1507 2401 1638 2450 turpem
1651 2407 1695 2430 ac

251 2444 455 2487 probrosam,
478 2441 583 2485 magis
598 2446 634 2476 et
649 2441 903 2475 circulatoribus
918 2441 1061 2484 deditus,
1078 2440 1214 2485 egisset,
1229 2451 1296 2474 non
1310 2441 1418 2475 tulere
1432 2441 1574 2476 Romam
1589 2441 1694 2477 effre-

252 2499 327 2521 nem
341 2487 480 2521 hominis
492 2488 604 2521 luxum
620 2491 722 2531 atque
735 2486 901 2528 libidinem
913 2498 923 2527 ς
948 2498 1056 2531 eoque
1069 2486 1281 2530 interempto,
1304 2490 1339 2520 et
1353 2485 1520 2520 cadavere
1534 2486 1569 2520 in
1583 2487 1695 2520 frusta

254 2533 445 2578 discerpto,
477 2533 701 2567 Alexandrum
716 2532 951 2576 imperatorem
966 2532 1205 2575 designarunt,
1233 2531 1349 2564 itidem
1367 2541 1411 2564 ex
1433 2531 1558 2565 familia
1571 2529 1694 2566 Severi

253 2583 466 2622 prognatum.
509 2578 564 2612 hic
578 2590 653 2612 cum
670 2582 706 2612 et
719 2577 847 2611 iuvenis
861 2577 970 2610 adhuc
985 2580 1076 2610 esset
1089 2579 1125 2611 et
1139 2575 1274 2619 egregia
1287 2575 1400 2609 indole
1413 2576 1596 2619 praeditus,
1609 2574 1694 2609 fecit

253 2627 292 2655 ut
307 2634 419 2657 omnes
434 2624 477 2657 de
490 2622 628 2668 imperio
643 2634 721 2669 spes
736 2624 841 2658 bonas
856 2622 1086 2666 conciperent,
1118 2620 1298 2666 praefectis
1322 2620 1483 2666 praetorii
1501 2619 1692 2654 constitutis

253 2667 415 2702 Flaviano
432 2674 466 2703 et
481 2669 645 2711 Chresto,
674 2668 756 2704 viris
775 2679 839 2703 nec
859 2667 909 2701 rei
927 2666 1079 2701 militaris
1093 2665 1254 2710 imperitis
1270 2668 1305 2699 et
1319 2665 1362 2698 ad
1374 2676 1431 2700 res
1445 2669 1578 2709 togatas
1594 2675 1692 2708 prae-

254 2712 344 2748 clare
358 2714 579 2759 disponendas
593 2714 730 2751 idoneis.
783 2724 901 2750 verum
914 2712 972 2748 ubi
985 2712 1157 2756 Mamaea,
1185 2714 1289 2747 mater
1301 2709 1517 2757 imperatoris
1527 2738 1538 2756 ‚
1571 2709 1693 2756 Ulpia-

1754 2808 1774 2885 iqssve
1751 2605 1771 2797 *unu-Q:
1751 2567 1754 2579 η

1751 2931 1774 3002 -εψ-
1763 2906 1774 2919 -,
