1812 3016
257 104 354 149 370
792 105 1152 150 REITEMEIERI

366 227 406 266 p·
426 215 504 256 129
527 226 566 251 v·
584 212 624 256 4-
681 209 775 267 ὅπερ
805 212 909 255 ἐστὶν
936 213 1056 263 ἔθνος
1083 211 1301 255 Palm-cndu
1332 226 1492 266 prorsus
1522 211 1691 252 delenda

256 278 368 319 sunt,
407 278 595 322 tanquam
631 270 809 320 ineptum
844 272 1062 321 glossema3
1102 271 1212 308 cuius
1242 271 1372 308 simile
1396 269 1505 308 aliud
1526 276 1586 307 est
1614 270 1691 308 inf.

256 330 282 368 3
312 330 338 367 9
367 326 415 363 de
446 327 627 363 Parisiis:
670 327 888 378 Γερμανίας
922 325 966 366 δὲ
1004 324 1107 378 αὕτη
1134 326 1314 378 πολίχνη,
1368 325 1592 364 insidebant
1619 327 1691 363 illa

255 390 381 420 aetate
407 383 491 419 loca
511 384 611 419 circa
627 380 756 419 Rheni
776 384 874 420 ostia
897 383 1008 420 Salii.
1066 390 1105 420 at
1127 381 1318 420 Chamavi
1335 388 1421 419 tum
1440 381 1492 419 ad
1509 381 1693 420 Rhenum

253 440 450 490 progressi
472 445 732 475 commeatum
749 451 801 475 ex
817 440 1018 476 Britannia
1036 437 1179 475 advehi
1195 439 1356 475 solitum
1373 438 1692 490 intercipiebant:

255 497 409 546 Eunap.
435 496 534 531 Exc.
558 496 714 544 Legatt.
769 507 842 531 nec
863 497 967 531 enim
989 495 1163 532 Iulianus
1182 507 1286 531 nunc
1306 507 1450 531 novam
1469 507 1555 531 rem
1571 506 1691 531 exco-

255 552 422 601 gitasse,
459 549 530 587 sed
559 551 887 587 transvectionem
924 564 1101 588 annonae
1129 552 1211 587 iam
1241 556 1331 586 ante
1361 551 1547 587 usitatam
1577 550 1693 587 resti-

254 609 374 644 tuisse
412 606 538 643 videri
578 605 707 643 debet.
763 619 802 643 v.
839 608 1037 644 Ammian.
1071 609 1121 648 18
1150 609 1174 646 2
1203 619 1262 656 pr.
1295 612 1335 642 et
1359 606 1415 642 ibi
1439 606 1572 644 Vales.
1598 604 1693 642 add.

253 664 391 700 Ritter.
413 662 463 699 ad
482 661 620 699 Guthr.
640 661 731 699 hist.
751 675 790 712 p.
811 662 836 703 5
858 670 887 700 t.
909 666 927 702 1
951 676 991 713 p.
1010 662 1078 702 51.
1123 661 1173 698 cf.
1192 662 1309 713 paulo
1327 668 1415 711 post
1434 674 1468 698 c.
1492 663 1518 701 6
1550 663 1569 702 1
1592 668 1631 698 et
1651 664 1691 708 3,

254 720 323 756 ubi
350 732 421 770 pro
456 719 608 767 Quadi-s·
644 718 864 754 Chamavos
892 717 1082 769 legendos
1110 730 1195 754 esse
1223 716 1390 754 dubitari
1409 718 1558 769 nequit.
1617 729 1693 753 ex-

253 781 359 813 stant
403 773 532 810 adhuc
575 775 746 824 Eunapii
783 774 903 811 verba
947 777 990 811 in
1030 775 1217 824 Excerpt.
1254 774 1409 824 Legatt.
1450 774 1523 811 sub
1560 774 1693 824 ipsum

252 832 340 868 init.
397 831 457 867 H.

363 895 417 933 ib.
439 909 477 934 v.
496 898 537 937 7.
594 895 735 933 Iulian.
765 909 829 946 ep.
860 893 912 932 ad
938 893 1081 932 Athen.
1110 893 1323 944 ἑξακοσίων
1344 896 1457 948 νηῶν
1489 888 1693 948 ἀνήγαγον
1749 903 1753 906 ’

252 950 404 996 στόλον.

364 1018 416 1056 ib.
438 1032 476 1055 v.
496 1019 535 1059 8.
591 1015 694 1054 hanc
710 1018 958 1055 Britannicae
979 1030 1157 1054 annonae
1171 1017 1501 1054 transvectionem
1516 1016 1692 1054 Iulianus

253 1077 379 1114 multo
406 1087 527 1127 quam
553 1080 642 1110 ante
667 1074 885 1111 faciliorem
914 1072 1098 1111 reddidit.
1155 1074 1240 1124 ipse
1264 1072 1316 1110 ad
1341 1071 1485 1110 Athen.
1509 1078 1621 1109 vocat
1641 1073 1694 1126 τῇ

253 1132 494 1184 σιτοπομπίᾳ
525 1134 739 1181 παρασχεῖν
768 1124 930 1180 ασφαλῆ
956 1125 1136 1181 κομιδήν.
1192 1128 1394 1186 praedicat
1421 1141 1506 1166 rem
1534 1140 1692 1180 quoque

251 1188 469 1226 Libanius
458 1200 502 1224 ιιι
521 1187 624 1224 Orat.
645 1186 816 1223 funebri.
877 1185 1070 1224 Valesius.

363 1253 416 1291 ib.
439 1268 476 1292 v
494 1255 563 1295 20.
619 1253 878 1293 Σαλουστίου.
935 1253 987 1290 cf.
1015 1252 1156 1289 Iulian.
1186 1264 1250 1302 ep.
1275 1248 1328 1288 ad
1348 1248 1515 1300 Athen„
1551 1251 1692 1289 Liban.

253 1323 311 1348 or.
345 1312 413 1350 12.
491 1319 495 1323 ’

364 1387 406 1425 Ρ.
432 1376 510 1415 180
539 1387 578 1412 v.
605 1376 642 1414 1.
698 1369 914 1414 Ἰουλιανοῦ
946 1369 1127 1422 ἆφὲντος.
1182 1374 1226 1410 in
1252 1374 1509 1412 consolatoria
1540 1379 1638 1411 orat.
1666 1374 1694 1414 8

253 1431 398 1524 ἓιιῗῗειζί
432 1430 551 1480 plane
588 1427 888 1523 aliuQegitur.
946 1428 1036 1467 vide
1076 1430 1245 1480 Pagium
1273 1430 1316 1466 in
1347 1430 1479 1467 critic.
1511 1428 1564 1466 ad
1595 1431 1692 1471 362.
1768 1492 1771 1494 -

366 1550 421 1588 ib.
445 1565 484 1589 v.
504 1554 545 1595 8.
601 1552 776 1589 Iulianus
796 1564 852 1589 or.
874 1554 897 1593 1
918 1565 959 1603 Ρ.
977 1549 1031 1592 34
1048 1552 1083 1587 D
1108 1549 1171 1588 ed.
1188 1549 1406 1602 Spanhem.
1428 1546 1604 1604 Φρᾶγκοι
1625 1542 1694 1591 καὶ

254 1603 433 1656 Σᾶξονες
451 1609 531 1647 τῶν
550 1605 652 1658 ὑπὲρ
669 1605 735 1647 τὸν
750 1606 889 1658 Ῥῆνον
903 1606 971 1647 καὶ
986 1622 1058 1659 την
1077 1605 1262 1660 ἕσπερίαν
1275 1605 1479 1648 θάλατταν
1494 1606 1627 1648 ἐθνῶν
1644 1604 1693 1647 τὰ

253 1677 516 1716 μαχιμωτατα.
574 1664 626 1700 cf.
641 1662 749 1700 idem
765 1676 806 1714 p.
827 1664 879 1704 56
897 1665 945 1700 B.
1001 1670 1007 1676 ‘

366 1718 420 1756 ib.
422 1733 482 1765 v.
503 1720 569 1759 10.
625 1732 706 1756 ιιοιι
723 1718 849 1765 Quadi
865 1719 1035 1756 Danubii
1053 1718 1230 1766 accolae,
1261 1715 1333 1755 sed
1353 1717 1548 1756 Chamavi
1561 1717 1693 1756 Saxo-

252 1787 351 1812 num
372 1787 469 1825 gens
488 1774 739 1825 intelligendi
758 1773 938 1812 hocloco
962 1781 1076 1821 sunt,
1113 1774 1336 1825 postulante
1365 1780 1404 1811 et
1433 1776 1531 1812 situs
1553 1781 1694 1812 natura

253 1836 294 1867 et
314 1837 531 1868 ceterorum
546 1832 779 1881 scriptorum
799 1832 1023 1868 testimonio
1054 1829 1162 1882 (vid.
1181 1831 1381 1868 Ammian.
1401 1831 1452 1871 17
1481 1832 1522 1871 8.
1530 1829 1564 1881 ).
1618 1843 1693 1868 nec

253 1885 377 1936 ipsius
395 1886 543 1923 Zosimi
559 1885 630 1923 sed
648 1887 897 1924 librariorum
919 1887 1034 1937 culpa
1052 1885 1151 1923 haec
1167 1886 1328 1923 nomina
1343 1886 1447 1923 inter
1466 1899 1508 1924 se
1530 1886 1694 1924 confusa

254 1939 458 1989 videntur,
489 1943 679 1992 quoniam
699 1943 769 1979 ille
787 1944 870 1994 ipse
889 1956 969 1980 non
989 1941 1040 1979 ad
1059 1940 1243 1979 Rhenum
1259 1939 1332 1978 sed
1351 1939 1404 1978 ad
1421 1943 1567 1979 Istrum
1584 1943 1691 1989 Qua-

254 1995 397 2034 dorum
416 2003 576 2046 gentem
589 2000 823 2035 memoravit
841 2002 866 2040 3
895 2002 936 2040 3.
994 1998 1222 2035 observante
1239 1997 1390 2034 Rittero
1406 1997 1450 2034 in
1463 1999 1568 2035 notis
1581 2010 1692 2035 mar-

254 2052 450 2102 ginalibus
467 2050 532 2089 hic
550 2053 660 2090 locus
680 2053 896 2091 illustratur
912 2056 956 2091 in
976 2054 1046 2091 der
1061 2051 1384 2104 diplomatzzechen
1400 2052 1601 2093 Nachlese
1615 2067 1692 2092 von

258 2107 510 2158 Selwettgen,
536 2120 577 2158 p.
593 2108 619 2148 5
638 2121 681 2158 p.
699 2111 739 2150 6.

369 2162 423 2199 ib.
443 2176 482 2200 v.
503 2164 568 2204 17.
625 2163 795 2204 Σαλίων.
852 2164 1070 2202 Marcellin.
1099 2166 1150 2206 17
1186 2165 1214 2204 8
1239 2175 1364 2214 pauca
1392 2162 1543 2201 ibidem
1570 2161 1690 2203 Vale-

255 2219 358 2267 sius,
387 2219 500 2269 plura
521 2217 717 2256 Eccardus
741 2219 792 2256 ad
811 2220 890 2270 leg.
909 2221 992 2258 Sal.
1048 2219 1192 2257 Ritter.

364 2287 405 2324 Ρ
426 2275 502 2314 131
522 2287 560 2311 v.
578 2276 643 2314 18.
704 2274 918 2328 Τριβέροις.
973 2274 1057 2315 vid.
1082 2276 1235 2314 Comm.
1263 2274 1315 2312 ad
1332 2276 1435 2317 1.11
1457 2274 1506 2314 de
1525 2274 1633 2314 Med.
1651 2282 1691 2314 et

255 2330 364 2367 Prof.
379 2330 472 2366 late.
529 2330 672 2366 Ritter.

367 2383 421 2423 ib.
445 2397 486 2422 v.
506 2386 575 2425 21.
629 2387 704 2424 τοῦ
727 2384 939 2436 Καίσαρος.
993 2384 1158 2423 haeret
1145 2399 1188 2423 m
1208 2384 1273 2423 his
1295 2384 1422 2424 editor
1440 2364 1688 2435 Oxoniensis,

254 2440 348 2492 quia
363 2454 443 2478 non
460 2438 568 2478 videt
585 2447 674 2478 ante
691 2441 861 2477 Iuliani
851 2455 892 2478 ιιι
912 2442 1082 2478 Galliam
1102 2440 1313 2479 adventum
1329 2440 1427 2480 haec
1446 2441 1647 2480 accidisse.

366 2509 408 2546 Ρ.
434 2498 513 2538 133
540 2510 582 2536 v.
602 2499 643 2538 2.
701 2495 750 2533 de
779 2495 1028 2534 Chariettone
1057 2499 1176 2534 etiam
1202 2499 1427 2567 Eul’iapius:
1467 2496 1690 2550 Χαριὲττων

254 2547 329 2603 μὲν
354 2547 430 2592 οὖν
449 2551 518 2592 καὶ
535 2549 613 2606 aad
637 2549 780 2592 τούτου
803 2549 979 2604 φανερός
1000 2568 1061 2601 τις
1079 2568 1136 2592 ων
1162 2551 1230 2592 καὶ
1256 2548 1544 2601 ἀνυπόστατος,
1565 2555 1628 2619 τῷ
1648 2566 1690 2592 τε

254 2603 509 2655 πλεονάζοντι
531 2610 605 2648 τοῦ
633 2608 868 2660 δραστηρίου
897 2608 1061 2674 ‹posscov3
1090 2604 1243 2675 ἀνεῖχεν
1260 2604 1338 2649 α’πό
1359 2609 1538 2662 λῃστείας
1558 2622 1691 2648 anav-

255 2677 335 2708 τας.
392 2664 561 2714 Eunapii
591 2664 709 2703 verba
738 2665 855 2702 refert
880 2662 1053 2706 suidas
1041 2676 1084 2700 m
1106 2659 1259 2716 ἀνεῖχε,
1286 2677 1494 2716 suppresso
1513 2665 1688 2702 nomine.

260 2717 308 2755 V
298 2717 455 2756 alemus
