1812 3016
309 78 407 123 352
848 77 1210 123 REITEMEIERI

417 201 472 239 pa
491 185 545 229 94
573 199 612 226 v.
639 190 680 230 2.
737 193 871 226 contra
907 185 1027 226 fidem
1065 184 1199 226 datam
1239 187 1413 227 occisum
1438 188 1637 228 Licinium
1667 203 1753 229 esse

307 247 424 296 pauci
449 251 614 294 negant,
652 246 695 282 in
717 245 858 296 quibus
878 245 1072 283 Eusebius
1104 245 1152 283 ob
1187 246 1271 282 veri
1299 243 1463 297 quidem
1493 246 1754 297 cognoscendi

309 303 642 353 opportunitatem
668 302 881 353 probabilis
910 303 1045 351 testis,
1088 302 1136 339 ob
1162 299 1339 339 studium
1357 307 1491 339 tamen
1505 301 1753 354 imperatoris

310 366 511 410 suspectae
532 357 636 396 fidei.

423 414 476 451 ih.
511 427 550 452 v.
577 417 619 456 7.
676 414 727 452 cf.
758 415 931 452 Zonaras
961 414 1012 455 13
1043 414 1065 454 1
1097 419 1137 451 et
1163 414 1317 452 Comm.
1341 412 1394 452 ad
1417 414 1448 452 l.
1475 416 1497 456 1
1529 427 1564 452 c.
1596 413 1679 452 Th.
1702 409 1753 452 de

308 472 487 524 paganis.

420 527 473 564 ib.
504 539 543 563 v.
566 528 603 567 8.
661 524 934 577 haruspicibus
966 524 1086 562 fidem
1119 525 1166 562 ab
1198 524 1433 576 imperatore
1460 521 1638 564 habitam
1666 539 1752 564 esse

310 583 506 636 quaedam
521 584 630 633 leges
652 582 698 619 ab
725 596 771 619 eo
793 582 905 619 datae
927 588 1129 619 testantur.
1185 581 1267 619 vid.
1288 583 1316 619 l.
1338 583 1360 622 1
1382 581 1467 621 cod.
1488 581 1568 620 Th.
1591 581 1640 619 de
1657 594 1752 633 pag.

311 641 464 687 sacrifi,
503 652 603 676 anno
628 640 707 679 321
732 640 837 685 lata3
877 638 926 675 cf.
948 639 1004 674 ibi
1023 639 1175 675 Comm-
1199 636 1429 676 Gothofred.
1486 637 1751 676 instituendae

308 710 401 734 vero
421 695 693 745 haruspicinae
708 696 750 731 in
769 692 866 731 locis
878 694 1046 744 publicis
1064 694 1219 744 copiam
1236 694 1331 731 fecit
1347 693 1638 746 superstitiosis.
1667 690 1751 732 vid.

307 752 337 790 1.
362 757 379 793 1
406 759 444 789 et
463 755 487 792 3
509 750 594 788 cod.
615 749 694 787 Th.
718 749 766 786 de
785 750 987 787 maleficis.

419 807 472 844 ib.
498 821 535 844 v.
558 807 624 847 11.
681 805 772 843 vide
801 805 852 842 ad
880 805 986 842 hunc
1008 806 1140 843 locum
1160 802 1358 857 insignem
1378 805 1518 844 Codini
1548 801 1598 843 de
1615 802 1750 856 Origg.

307 876 348 915 p.
366 863 418 904 34
441 862 502 900 ed.
522 876 604 912 reg.
623 860 891 913 Chrysostom.
909 859 1055 898 Homil.
1088 861 1134 902 15
1154 861 1205 898 ad
1225 861 1400 914 Philipp.
1418 876 1459 914 p.
1478 863 1559 903 318
1578 863 1678 899 mira
1701 861 1750 899 de

307 922 450 957 Fausta
463 948 473 967 ,
513 920 703 955 nimirum
722 919 834 955 illam
852 917 1001 954 nudam
1021 919 1243 968 expositam
1259 912 1382 961 fuisse
1400 918 1494 956 feris
1514 932 1537 956 a
1557 919 1750 955 Constan-

308 978 405 1013 tino.
463 974 554 1012 vide
579 974 675 1011 ibid.
695 981 808 1012 notas
825 976 943 1011 Bern.
965 973 1014 1011 de
1030 974 1296 1011 Montfaucon.
1326 974 1470 1011 Ritter.
1530 975 1750 1025 suspicatur

307 1033 538 1078 Gibbonius‚
569 1032 655 1068 loco
680 1030 852 1082 quodam
868 1027 1076 1068 Monodiae
1098 1037 1240 1078 motus,
1268 1027 1466 1078 Faustam,
1499 1042 1620 1082 quam
1638 1037 1750 1067 vete-

307 1102 369 1126 res
399 1090 606 1139 scr1ptores
636 1086 687 1124 ad
714 1100 839 1124 unum
868 1099 1003 1124 omnes
1031 1086 1079 1122 ab
1102 1087 1355 1123 Constantino
1385 1093 1565 1123 necatam
1601 1082 1748 1134 dicunt,

306 1158 386 1182 ιιοιι
408 1158 492 1182 esse
513 1156 688 1193 caesam,
725 1142 798 1181 sed
824 1144 920 1194 fuga
944 1144 1087 1181 vitasse
1115 1149 1154 1180 et
1179 1143 1423 1194 imperatoris
1452 1143 1554 1180 iram
1581 1149 1620 1180 et
1643 1143 1748 1180 vitae

304 1202 538 1253 periculum.

417 1270 456 1307 p.
484 1257 538 1298 95
559 1259 658 1296 v.1.
715 1255 757 1293 in
781 1253 1016 1292 excutiendo
1037 1252 1215 1292 hocloco
1233 1253 1481 1292 memorabili
1501 1260 1540 1292 et
1558 1249 1651 1291 fidei
1666 1249 1748 1291 Zos-

306 1313 398 1351 simi
418 1313 674 1349 infestissimo
694 1324 744 1348 ne
762 1309 973 1362 disputatio
991 1318 1123 1348 nostra
1142 1318 1208 1347 aut
1226 1317 1412 1360 evagetur
1425 1319 1492 1347 aut
1510 1306 1746 1361 implicetur,

305 1382 438 1406 rerum
458 1381 611 1405 summa
631 1367 681 1404 ad
702 1367 778 1404 duo
798 1369 924 1418 capita
940 1367 1205 1414 revocabitur,
1236 1363 1409 1416 primum
1429 1379 1572 1403 verane
1598 1366 1676 1403 sint
1696 1378 1748 1402 an
1784 1405 1790 1409 ¹

304 1426 406 1462 falsa
426 1437 526 1476 quae
543 1423 592 1460 de
611 1424 856 1460 Constantini
875 1421 1127 1460 conversione
1146 1421 1196 1458 ad
1214 1421 1478 1459 Christianum
1499 1422 1650 1459 cultum
1666 1423 1748 1458 Zo-

305 1482 428 1518 simus
455 1479 579 1528 dixit,
622 1478 787 1546 deiude,
825 1481 859 1516 si
889 1492 934 1516 ea
962 1475 1233 1528 intelligantur
1263 1491 1348 1515 esse
1379 1477 1674 1525 commenticia,
1703 1482 1749 1515 ut

303 1543 465 1588 putant,
503 1549 601 1572 num
626 1537 660 1573 is
687 1538 730 1572 in
757 1535 873 1587 culpa
891 1542 1067 1572 versetur
1089 1534 1308 1571 calumniae
1325 1531 1666 1585 sugillationisque
1695 1546 1747 1570 an

303 1594 561 1643 ignorationis
577 1598 615 1628 et
630 1593 818 1628 incuriae.
877 1589 1006 1628 caedis
1024 1590 1150 1627 factae
1167 1603 1278 1627 reum
1295 1590 1417 1627 fuisse
1433 1588 1744 1638 Constantinum,

305 1656 344 1686 et
361 1650 517 1698 cognita
536 1650 752 1686 occisorum
770 1649 993 1684 innocentia
1009 1647 1247 1696 paenituisse
1263 1647 1396 1697 ipsum
1409 1641 1515 1694 facti,
1532 1659 1611 1683 uon
1626 1644 1745 1683 modo

303 1705 590 1756 probabilitatis
619 1704 834 1741 rationibus
863 1702 934 1741 sed
962 1704 1195 1753 scriptorum
1224 1704 1344 1739 etiam
1366 1708 1544 1739 veterum
1566 1703 1746 1739 testimo·-

301 1762 379 1798 niis
405 1760 666 1797 confirmatur.
698 1759 869 1797 eundem
889 1772 980 1797 vero
1003 1754 1203 1796 conscium
1223 1759 1300 1796 sibi
1317 1764 1516 1795 tantorum
1537 1755 1746 1795 omninum

303 1815 496 1866 agitatum
524 1818 579 1853 ita
606 1830 690 1853 esse
723 1817 983 1853 conscientiae
1004 1810 1195 1862 stimulis,
1234 1821 1279 1851 ut
1298 1805 1488 1864 expiandi
1507 1810 1680 1851 criminis
1705 1819 1745 1850 et

303 1874 546 1909 cruciatuum
564 1873 685 1909 animi
708 1871 972 1909 tollendorum
989 1883 1116 1918 causa,
1147 1869 1324 1921 deposito
1348 1876 1458 1906 metu
1479 1882 1530 1907 ne
1552 1867 1745 1906 iudicium

304 1928 560 1965 confessionis
586 1941 679 1966 suae
711 1929 937 1966 scelerum
927 1941 969 1964 ιιι
985 1927 1128 1977 vulgus
1145 1932 1364 1973 emanaret,
1403 1920 1545 1962 adierit
1564 1925 1744 1963 flamines

304 1991 343 2021 et
363 1985 604 2021 lustrationis
625 1997 698 2034 ope
716 1985 875 2021 abluere
893 1984 1092 2020 maculam
1106 1983 1286 2030 voluerit,
1314 1980 1356 2018 id
1372 1977 1535 2018 dubium
1552 1987 1591 2017 et
1607 1981 1744 2018 fictum

302 2041 345 2076 in
363 2038 523 2075 landem
546 2052 744 2076 sacrorum
766 2041 974 2089 gentilium
998 2037 1123 2075 videri
1146 2045 1286 2088 potest.
1344 2032 1471 2074 maior
1492 2038 1654 2087 insuper
1674 2049 1744 2074 su·-

303 2097 427 2161 spicio
447 2097 550 2131 inest
570 2096 618 2131 iis
636 2108 735 2146 quae
756 2097 1034 2142 subiiciuntur‚
1063 2095 1240 2131 flamines
1258 2093 1363 2140 illos,
1390 2105 1520 2144 neque
1542 2089 1742 2143 dignitatis

303 2154 387 2188 eius
410 2153 478 2202 qui
503 2151 660 2201 petebat
678 2152 951 2188 lustrationem
967 2163 1096 2202 neque
1114 2150 1277 2201 periculi
1301 2145 1377 2186 sibi
1397 2148 1446 2186 ob
1465 2161 1553 2185 eam
1569 2162 1650 2186 ιιοιι
1668 2147 1742 2185 da·-

286 2214 384 2250 ‚tam
402 2208 644 2244 imminentis
666 2209 814 2244 ratione
832 2206 987 2255 habita,
1025 2206 1253 2243 criminibus
1274 2211 1358 2242 tam
1382 2205 1599 2253 atrocibus,
1639 2217 1741 2256 quae

302 2264 454 2314 expiari
472 2269 649 2313 cuperet,
691 2262 958 2313 expiationem
979 2262 1215 2312 denegasse,
1244 2261 1548 2311 neglexisseque
1565 2260 1742 2298 occasIo-

301 2332 396 2356 nem
416 2317 610 2356 retinendi
631 2318 891 2370 firmandique
914 2319 1159 2369 imperatoris
1187 2315 1338 2354 fidem‘
1327 2330 1370 2352 ιιι
1391 2329 1589 2353 sacrorum
1609 2316 1742 2366 genti-
1763 2344 1765 2346 -

301 2376 403 2412 lIum
424 2376 543 2412 cultu.
601 2387 648 2411 ea
677 2376 750 2411 etsi
780 2377 872 2412 satis
898 2373 1044 2411 habere
1075 2381 1113 2411 et
1140 2372 1260 2410 fidem
1286 2371 1517 2409 elevandam
1548 2368 1741 2409 momenti

302 2430 529 2479 videantur,
558 2437 691 2467 tamen
718 2433 866 2467 occurri
884 2432 932 2467 iis
953 2436 1082 2481 potest
1098 2429 1311 2466 rationibus
1331 2435 1369 2465 et
1389 2425 1628 2478 argumentis
1644 2428 1739 2464 satis

301 2486 444 2524 validis
469 2494 508 2524 et
537 2486 671 2523 firmis.
727 2487 900 2537 primum
925 2499 1013 2522 cum
1034 2499 1080 2522 ea
1100 2487 1222 2521 anima
1243 2480 1355 2521 furiis
1375 2485 1510 2534 agitati
1526 2490 1666 2520 natura
1687 2483 1741 2520 sit
1783 2506 1786 2507 ν

302 2549 347 2580 ut
368 2555 556 2593 angorem
576 2543 833 2580 conscientiae
851 2542 990 2578 tollere
1012 2548 1050 2578 et
1069 2540 1199 2578 delere
1216 2540 1450 2577 memoriam
1466 2535 1604 2589 flagitii
1623 2536 1739 2575 avide

302 2605 482 2664 appetat,
522 2611 584 2636 res
612 2599 711 2635 mira
743 2605 859 2649 atque
888 2596 964 2634 fide
990 2596 1154 2647 indigna
1173 2609 1254 2634 non
1271 2602 1350 2643 est,
1390 2592 1425 2632 si
1446 2595 1738 2642 Constantinus,

302 2655 365 2690 cui
385 2668 497 2692 mens
526 2661 608 2691 erat
629 2655 902 2705 superstitione
931 2659 1127 2705 contacta,
1169 2651 1220 2689 ad
1237 2664 1346 2689 sacra
1367 2651 1598 2702 gentilium,
1634 2662 1739 2687 non-

302 2707 397 2746 dum
417 2723 574 2762 prorsus
594 2711 642 2748 ab
661 2723 706 2749 eo
722 2710 962 2762 contemptui
980 2703 1128 2759 habita,
1157 2706 1323 2747 sedandi
1341 2680 1486 2746 doloris
1505 2718 1621 2746 causa
1641 2717 1739 2744 con·
