1812 3016
315 76 413 123 356
844 75 1213 119 REITEMEIERI

316 194 424 226 tuere
442 192 576 223 tamen
597 185 736 223 acerba
753 185 793 223 in
813 185 1088 236 imperatorem
1111 185 1273 233 iactata,
1302 182 1519 222 secundum
1537 183 1634 223 alias
1653 196 1748 222 cau-

316 257 379 282 sas
400 244 591 293 potiores,
622 254 712 279 eum
730 242 933 292 impellere
953 248 996 278 ut
1014 242 1134 278 aliam
1151 241 1225 278 sibi
1245 239 1382 278 sedem
1400 247 1616 292 quaereret.
1674 253 1749 277 au·-

317 299 421 336 disse
440 311 530 335 eum
547 298 650 335 male
668 297 773 348 apud
791 299 988 334 Romanos
1006 298 1070 334 vel
1092 297 1248 334 Libauii
1276 297 1386 334 locus
1415 309 1471 333 or.
1493 297 1514 336 1
1539 310 1579 347 Ρ.
1607 299 1659 338 12
1683 294 1747 333 ed.

316 355 472 392 Mox-elli
498 352 642 391 iudicio
672 366 756 390 esse
780 360 931 403 potest:
977 351 1306 418 (Constantinus)
1335 348 1556 420 εὐδοκιμῶν
1586 353 1644 420 τῷ
1669 354 1751 390 τῶν

313 410 512 480 Ῥωμαίων
544 410 674 461 δῆμον
705 408 875 461 ἐνεγκεῖν
903 404 1235 461 ἅγροικισοὶμενόν
1264 423 1302 448 τι
1332 408 1460 460 ῥῆμα·
1501 404 1550 447 τοὶ
1574 405 1646 459 μὲν
1674 404 1750 460 γὰρ

316 481 361 507 ευ
381 480 509 505 ποιων
526 462 702 517 ἤνεγκεν.

425 534 465 571 p.
485 523 536 561 96
558 533 595 557 v.
615 523 654 561 2.
703 520 736 556 si
754 518 850 557 fides
868 522 1042 557 Zonarae
1063 524 1122 556 est
1146 521 1192 558 13
1223 523 1261 566 3,
1291 516 1428 555 sedem
1448 530 1560 555 suam
1578 518 1751 568 impera-

315 585 377 616 tor
397 575 600 614 sardicam
620 576 783 625 Sigeum
801 577 866 613 vel
887 573 1176 612 chalcedonem
1196 574 1381 620 facturus,
1411 575 1576 623 coguitis
1594 575 1752 624 Byzan-

314 635 362 670 tii
384 632 734 682 opportunitatibus
754 638 792 668 et
816 630 1045 679 commodis,
1075 637 1224 668 mutato
1250 630 1412 668 consilio
1429 630 1664 681 Byzantium
1682 642 1750 665 ur-

314 689 408 726 bem
426 689 580 738 imperii
597 686 732 724 sedem
747 687 853 724 fecit.

427 742 479 779 ib.
501 757 538 779 v.
559 746 598 783 3.
657 741 705 779 de
726 744 804 779 situ
821 749 859 779 et
879 743 1038 793 reglone
1058 742 1355 779 circumiacente
1373 740 1481 777 urbis
1498 739 1678 791 Byzantii
1699 738 1751 775 cf.

313 799 455 850 Polyb
478 796 682 845 38—44‚
713 805 752 834 et
771 797 819 834 de
838 799 933 834 urbe
957 796 1168 835 Herodian.
1190 801 1214 838 3
1235 797 1321 833 init.

425 853 479 890 ib.
502 866 540 889 v.
563 855 602 893 8.
659 854 827 891 Severus
848 854 1035 890 balneum
1052 853 1248 903 Zeuxippi
1267 851 1474 898 exstruxit,
1505 848 1554 887 de
1571 861 1648 900 quo
1669 846 1751 885 vid.

315 911 344 947 l.
365 910 420 952 52
442 916 475 945 c.
495 907 575 946 Th.
596 907 644 945 de
666 922 771 959 oper.
790 910 938 959 public.
965 916 1004 946 et
1021 909 1078 946 ibi
1097 911 1248 946 citatos.
1277 906 1422 943 Ritcer.
1484 906 1535 943 cf.
1555 906 1702 943 Zosimi
1729 906 1752 945 1

314 968 341 1007 8
361 972 400 1002 et
416 963 557 1002 Suidas
576 978 614 1002 v.
639 965 816 1002 Severus.

426 1019 480 1057 ib.
501 1033 540 1057 v.
564 1023 626 1062 13.
683 1019 765 1057 vid.
795 1020 824 1056 l.
851 1020 923 1057 ult.
954 1018 1003 1056 de
1033 1020 1149 1057 calcis
1170 1025 1310 1057 coctor.
1328 1017 1439 1069 sylb.
1462 1015 1638 1054 adoram
1657 1012 1752 1052 edit.

317 1088 411 1114 suae
438 1071 632 1129 Νεωριον,
662 1075 729 1113 ubi
748 1082 860 1126 porta
877 1076 1056 1127 νεωρίου,
1082 1089 1186 1113 nuuc
1206 1075 1398 1112 Hebraea.
1440 1073 1584 1109 Ritter.

427 1130 481 1168 ib.
515 1145 554 1168 v.
589 1134 651 1172 17.
719 1130 826 1183 quod
854 1132 986 1169 forum
1014 1134 1187 1169 Zonaras
1226 1131 1346 1180 vulgo
1384 1124 1592 1168 πλακωτον
1622 1125 1754 1163 vocari

316 1186 435 1235 dicit,
474 1188 619 1239 quippe
649 1187 755 1239 quod
786 1194 890 1225 esset
915 1186 1032 1236 πλαξὶ
1056 1189 1229 1234 λιθίνοις
1256 1183 1584 1239 κατεστρωμένον.
1639 1181 1749 1219 Edit·

321 1216 447 1280 Oxori.

427 1296 481 1333 ib.
503 1310 542 1334 v.
563 1298 629 1338 18
661 1299 794 1344 στοαῖς
812 1295 1014 1349 διστεγὲσι.
1042 1295 1123 1335 vid.
1141 1297 1170 1334 1.
1193 1297 1247 1338 52
1271 1295 1319 1334 de
1336 1309 1442 1347 oper.
1466 1295 1578 1346 publ.
1606 1294 1749 1330 Ritter.

427 1351 652 1392 ib.v.19.
710 1354 993 1389 Proeconnesio
1029 1366 1236 1390 marmore.
1295 1348 1591 1405 Προικόννησος
1624 1349 1755 1386 insula

314 1406 565 1459 Propontidis
585 1404 703 1447 πόλιν
726 1406 866 1458 ἔχουσα
888 1407 954 1447 καὶ
976 1406 1162 1458 μέταλλον
1181 1407 1279 1460 μέγα
1297 1409 1439 1447 λευκοῦ
1460 1407 1580 1446 λίθου
1601 1401 1755 1456 σφόδρα

314 1460 614 1514 ἐπαινούμενον.
663 1463 801 1500 Strabo
824 1464 890 1503 13.
939 1462 1040 1501 adde
1058 1465 1162 1500 Pliu.
1185 1464 1209 1504 5
1234 1470 1334 1500 extr.
1353 1464 1423 1515 qui
1442 1464 1562 1500 etiam
1579 1462 1755 1498 Procon-

315 1532 457 1558 nesum
475 1519 608 1556 scribit
629 1519 712 1555 sine
733 1517 992 1568 diphthongo.
1045 1519 1189 1556 cellar.

425 1573 479 1610 ib.
501 1587 540 1611 v.
557 1577 626 1614 21.
682 1573 764 1611 vid.
784 1575 812 1610 1.
838 1575 904 1613 11.
928 1575 980 1614 12
1000 1573 1087 1612 cod.
1107 1574 1188 1612 Th.
1209 1573 1258 1611 de
1279 1587 1369 1611 ann.
1391 1575 1466 1611 civ.
1522 1573 1666 1609 Ritter.

426 1643 467 1680 Ρ
487 1631 540 1669 97
562 1642 600 1666 v.
621 1631 660 1669 2.
718 1628 808 1666 vide
837 1628 888 1665 ad
919 1630 1222 1668 illustrationem
1250 1628 1367 1668 liuius
1397 1630 1533 1681 capitis
1561 1626 1754 1666 Codinum

316 1683 366 1723 de
387 1685 600 1735 originibus
625 1685 826 1722 Constant.
845 1685 932 1721 init.
990 1685 1134 1723 Ιίἱίίεν.

407 1740 480 1777 ib.
503 1753 542 1777 v.
568 1739 628 1780 14.
686 1739 767 1777 vid.
786 1741 937 1777 Comm.
959 1739 1057 1778 adl.
1079 1743 1102 1782 1
1126 1740 1175 1778 de
1197 1754 1304 1792 oper.
1325 1741 1438 1791 publ.
1495 1739 1638 1776 Ritter.

426 1795 480 1832 ib.
502 1809 542 1833 v.
565 1798 628 1837 19.
685 1796 864 1832 fortunae
884 1797 1150 1834 simulacrum.
1209 1796 1290 1835 vid.
1309 1795 1525 1847 Spanhem.
1545 1793 1596 1832 ad
1611 1792 1754 1831 Iuliani

315 1853 422 1890 Orat.
446 1852 469 1892 1
494 1864 534 1902 p.
557 1852 623 1892 31.
680 1849 876 1889 Themist.
898 1853 1003 1890 Orat.
1022 1855 1046 1894 3
1072 1866 1113 1904 p.
1137 1851 1204 1893 42.
1265 1851 1402 1890 Codin.
1426 1853 1532 1902 Orig.
1552 1851 1753 1888 Constant.

313 1921 339 1958 P
426 1960 480 1998 ib.
502 1974 540 1997 v.
563 1964 631 2002 20.
687 1959 884 1999 indicante
901 1963 1110 2013 Anonymo
1127 1963 1331 2000 Bianconii
1349 1976 1389 2013 p.
1413 1962 1489 2003 128
1510 1961 1604 1998 viris
1621 1959 1754 2010 digni-

314 2023 395 2054 tate
416 2029 461 2052 ac
478 2017 682 2053 nobilitate
701 2018 940 2067 conspicuis,
986 2030 1084 2069 quos
1103 2020 1228 2056 Roma
1249 2026 1287 2056 et
1313 2019 1399 2055 aliis
1419 2017 1513 2054 locis
1536 2015 1586 2053 ad
1608 2027 1753 2053 novam

315 2073 454 2110 urbem
472 2072 684 2122 imperator
702 2080 943 2120 evocaverat,
973 2073 1148 2111 aedificia
1165 2086 1307 2124 magna
1324 2080 1415 2111 sunt
1430 2079 1640 2110 exstructa.

426 2126 480 2164 ib.
502 2140 542 2165 v.
560 2128 629 2167 21.
686 2140 912 2179 quanquam
932 2131 1062 2179 copias
1085 2143 1165 2167 non
1181 2129 1317 2167 eduxit
1339 2130 1628 2175 Constantinus,
1656 2127 1752 2178 fuga

314 2190 450 2221 tamen
476 2189 515 2220 et
542 2189 757 2220 castrorum
785 2184 889 2221 vallo
919 2187 1118 2236 quaesisse
1148 2186 1316 2222 salutem
1343 2198 1366 2222 a
1385 2186 1544 2221 Zosimo
1571 2182 1751 2231 traditur,

316 2240 427 2276 cuius
453 2239 711 2286 narrationis,
750 2239 918 2276 aliorum
944 2242 1177 2278 testimoniis
1202 2254 1355 2293 quoque
1375 2239 1639 2287 adversantis,
1678 2240 1752 2276 ob-

315 2295 541 2332 scuritatem
567 2294 699 2344 aliquo
718 2292 891 2344 dispellit
910 2295 1027 2332 modo
1043 2298 1310 2347 interpretatio
1326 2298 1466 2334 Ritteri
1486 2294 1564 2347 (ad
1590 2295 1754 2333 Gntlzrii

316 2351 427 2386 Hist.
458 2350 576 2386 Πηίν.
600 2355 629 2385 t.
647 2348 672 2388 5
689 2362 729 2399 Ρ.
755 2352 773 2388 1
798 2363 837 2400 p.
862 2350 886 2390 5
910 2358 991 2388 not.
1012 2350 1075 2402 f),
1107 2354 1175 2403 qui
1193 2366 1273 2390 non
1291 2353 1486 2403 proelium
1505 2350 1576 2388 sed
1593 2357 1752 2388 noctur-

315 2418 415 2442 num
439 2406 631 2455 impetum
651 2416 674 2440 a
693 2404 866 2442 barbaris
888 2406 1036 2443 factum
1058 2414 1095 2444 et
1116 2414 1269 2458 partem
1295 2410 1632 2459 praetorianorum
1655 2406 1753 2458 (τῆς

315 2456 545 2511 δυναμεως)
565 2472 718 2497 caesam
734 2460 856 2498 fuisse
869 2468 994 2510 putat.

425 2528 467 2566 Ρ.
487 2517 539 2556 98
558 2529 597 2553 v.
615 2515 655 2556 4.
709 2514 790 2552 vid.
813 2516 842 2552 1.
865 2517 889 2555 1
913 2515 961 2552 de
980 2524 1156 2554 excusat.
1177 2518 1309 2554 artific.
1366 2518 1511 2554 Ritter.

424 2570 479 2607 ib.
509 2584 548 2609 v.
578 2571 618 2612 5.
682 2569 780 2608 haec
819 2572 1064 2621 imperatoris
1103 2573 1318 2610 liberalitas
1348 2574 1511 2628 publica
1545 2572 1750 2610 observata

315 2638 473 2677 quoque
507 2633 565 2665 est
592 2627 639 2663 ab
669 2627 770 2665 aliis.
826 2628 869 2664 in
889 2625 952 2664 his
978 2628 1157 2665 Socrates
1175 2631 1202 2668 2
1232 2629 1283 2669 13
1309 2623 1394 2666 octo
1414 2627 1611 2679 myriades
1639 2628 1749 2668 σίτου

316 2680 539 2721 distributas
560 2681 733 2735 quotidie
757 2682 878 2722 fuisse
900 2683 1054 2732 scribit,
1091 2683 1198 2736 quod
1222 2683 1271 2722 de
1288 2697 1412 2736 pane,
1449 2697 1529 2722 non
1548 2683 1597 2722 de
1615 2683 1747 2722 modio
