1774 3002
237 100 301 145 72
730 93 741 102 ’
857 97 1054 141 ZOSIMI

239 213 418 263 ἐνιαυτὸς
437 213 537 269 πρὸς
558 217 641 262 τοῖς
664 208 824 261 ἑκατόν,
863 211 930 252 καὶ
950 206 1038 252 τότε
1057 208 1346 263 Λιοκλητιανὸς
1363 204 1523 263 ἰδιώτης
1541 207 1585 249 ἐκ
1599 211 1680 261 βα-

240 282 380 331 σιλέως
409 281 556 336 ἐγένετο
586 281 652 322 καὶ
679 277 941 332 Μαξιμιανὸς
965 276 1087 319 ταῦτὸ
1115 281 1232 319 τοῦτο
1266 278 1464 331 πεποίηκε.
1531 276 1618 332 τρὶς
1638 275 1682 316 δὲ

239 349 318 404 ’ἤδη
346 346 560 404 γεγονότων
576 346 739 389 ὑπάτων
757 346 1061 388 Κωνσταντίνου
1082 347 1147 387 καὶ
1166 345 1377 386 Λικιννίου
1395 348 1476 386 τῶν
1496 344 1591 386 δέκα
1613 344 1680 384 καὶ
1759 370 1774 433 ¹

239 417 379 459 ἑκατὸν
400 419 588 458 ἐνιαυτῶν
610 413 631 456 ὅ
650 413 796 471 χρόνος
815 417 1123 469 συνεπληροῦτο,
1158 412 1262 455 καθ’
1289 411 1335 454 ὃν
1352 411 1430 454 ἴδει
1447 410 1519 465 τὴν
1541 409 1681 467 ἑορτὴν
1763 446 1774 474 3

239 485 342 527 κατὰ
361 485 406 527 τὸ
426 484 703 537 νενομισμένον
731 483 922 536 ἀχθῆναι.
989 479 1133 523 τούτου
1161 482 1204 522 δὲ
1228 479 1286 535 μὴ
1307 476 1586 537 φυλαχθέιτος
1605 477 1713 521 ἕδειᾶ
1763 479 1774 536 Σ

192 607 193 610 ¹
240 556 295 604 εἷς
314 553 386 606 τὴν
407 557 477 594 νῦν
499 552 741 604 συνέχουσαν
765 549 872 604 ἡμᾶς
891 551 1023 591 ἐλθεῖν
1044 549 1095 590 τὰ
1113 547 1330 605 πράγματα
1349 548 1601 603 δυσκληρίαν.
1760 539 1774 587 Ξ

27 618 241 654 0⁰¹¹St²¹¹¹fi¹¹⁵
377 620 421 664 8.
490 618 779 674 Διοκλητιανὸς
789 619 859 672 μὲν
878 621 1039 675 τελευτᾷ
1056 619 1183 673 τρισὶν
1200 618 1395 665 ἐνιαυτοῖς
1408 614 1586 671 ὕστερον,
1604 613 1682 669 ἤδη
1767 609 1771 615 ’

45 670 224 745 ραιῐῗνῑυς.
244 689 286 730 δὲ
327 686 595 736 καταστάντες
634 685 926 742 αὐτοκράτορες
959 683 1239 734 Κωνστάντιος
1270 686 1336 726 καὶ
1365 681 1627 736 Μαξιμιανός
1661 680 1682 724 ὅ

70 767 102 792 a.
128 759 197 793 305
243 759 283 797 Γ
281 757 460 811 αλλέριος
483 756 682 804 ἀνέδειξαν
701 755 914 810 Καίσαρας
934 755 1114 808 Σεβῆρον
1139 754 1205 794 καὶ
1225 755 1472 805 Μαξιμῒνον,
1509 751 1686 806 ἀδελφῆς

243 824 339 866 ὄντα
360 825 485 864 παῖδα
513 827 586 864 τοῦ
606 824 646 863 Γ
644 824 825 878 αλλεριόυ
837 854 851 873 ,
894 819 1062 876 Σεβήρῳ
1091 821 1163 873 μὲν
1182 820 1254 874 τὴν
1270 820 1443 862 Ἰταλίαν
1463 819 1685 875 Μαξιμίνῳ
1697 822 1741 856 10
1769 844 1772 850 »

245 894 287 934 δὲ
305 892 356 933 τὰ
375 891 476 947 πρὸς
497 891 712 944 ἀνίσχοντα
732 889 844 944 ἣλιον
866 887 1122 944 παραδόντες.
1190 891 1270 929 τῶν
1302 888 1346 930 δὲ
1375 885 1622 943 πραγμάτων
1644 880 1688 928 εὖ

246 960 501 1012 διακειμένων
532 961 598 1000 καὶ
631 962 710 1000 τῶν
743 961 947 1010 πανταχοῦ
977 954 1199 1012 βαρβάρων
1228 957 1270 997 ἐκ
1298 960 1378 997 τῶν
1403 952 1687 1012 προλαβόντων

245 1024 575 1083 κατορθωμάτων
597 1026 777 1079 ἀσμένως
798 1022 1076 1079 ἡσυχαζόντων
1087 1056 1100 1075 ,
1134 1025 1437 1072 Κωνσταντΐνος
1465 1024 1505 1073 ἐξ
1531 1020 1690 1076 ὁμιλίας

246 1095 432 1151 γυναικὸς
462 1095 508 1136 οὗ
539 1098 685 1148 σεμνῆς
713 1094 805 1135 οὐδὲ
833 1092 936 1134 κατὰ
965 1090 1087 1145 νόμον
1118 1090 1391 1145 συνελθούσης
1421 1091 1689 1147 Κωνσταντίῳ

248 1168 306 1220 τῷ
322 1167 485 1216 βασιλεῖ
501 1162 794 1217 γεγεννημένος,
826 1160 909 1214 ’ἤδη
936 1161 1008 1213 μὲν
1034 1159 1134 1213 ἔχων
1163 1159 1315 1201 ἔννοιαν
1341 1160 1383 1201 ἐν
1407 1156 1538 1215 ἐαυτῷ
1566 1162 1689 1212 βασι-
1701 1158 1743 1194 15

250 1233 379 1281 λείας,
416 1232 471 1279 εἷς
499 1231 658 1283 μείζονα
688 1230 730 1271 δὲ
758 1228 959 1277 καταστὰς
986 1229 1205 1280 ἐπιθυμίαν
1237 1227 1314 1283 ἀφ’
1351 1220 1400 1268 οὗ
1420 1229 1600 1282 Σεβῆρος
1623 1227 1691 1267 καὶ

249 1301 483 1350 ΖῑῙαξιμΐνος
513 1302 584 1350 τῆς
612 1300 684 1339 τοῦ
707 1298 916 1351 Καίσαρος
943 1300 1059 1349 τιμῆς
1091 1294 1253 1347 ἔτυχον,
1293 1293 1391 1349 ἔγνω
1420 1294 1515 1344 τοὺς
1546 1292 1692 1343 τόπους

249 1370 373 1407 λιπεῖν
407 1366 448 1406 ἐν
479 1362 539 1413 οἷς
570 1364 680 1418 Ξ-’τυχε
712 1365 947 1420 διατρίβων,
983 1365 1200 1418 ἐξορμῆσαι
1235 1362 1278 1404 δέ
1307 1361 1408 1418 πρὸς
1437 1361 1507 1404 τὸν
1537 1362 1692 1417 πατέρα

249 1431 531 1475 Κωνστάντιον
560 1433 601 1474 ἐν
625 1438 708 1481 τοῖς
729 1430 825 1487 ὑπὲρ
847 1431 921 1480 τὰς
936 1430 1092 1479 Ἄλπεις
1115 1430 1271 1472 ἔθνεσιν
1290 1429 1386 1471 ὄντα
1406 1431 1472 1471 καὶ
1491 1433 1542 1486 τῇ
1562 1432 1692 1486 Βρετ-

249 1502 365 1560 τανίᾳ
385 1500 661 1556 συνεχέστερον
683 1501 941 1554 ἐνδημοῦντα.
1011 1498 1150 1547 δεδιὼς
1178 1498 1221 1539 δὲ
1245 1496 1302 1551 μή
1326 1514 1419 1539 ποτε
1440 1496 1597 1554 φεύγων
1616 1498 1748 1539 ›ta-20
1767 1499 1774 1526 ’-

249 1569 476 1625 ταληφθείη
502 1567 741 1624 (περιφανὴς
761 1567 839 1624 γὰρ
861 1561 910 1621 ἧν
928 1565 1005 1620 ἤδη
1028 1569 1190 1615 πολλοῖς
1210 1563 1231 1606 ὃ
1253 1566 1430 1619 κατέχων
1450 1565 1572 1607 αὐτὸν
1594 1564 1695 1622 ἔρως
1754 1558 1774 1613 '⁷

341 1665 362 1698 7
384 1658 539 1706 ὕστερον
561 1662 772 1696 referendum
794 1660 838 1694 ad
861 1672 894 1696 v.
918 1659 950 1694 5.
998 1662 1147 1693 mortuus
1178 1663 1230 1693 est
1258 1662 1339 1705 post
1368 1659 1506 1693 tertium
1539 1659 1695 1693 consula-

340 1715 411 1741 tum
435 1708 650 1742 Constantini
673 1713 708 1741 et
730 1705 860 1747 Licinii,
884 1717 970 1739 anno
993 1706 1060 1739 313
1082 1716 1115 1749 p.
1138 1705 1176 1738 C.
1201 1706 1245 1738 cf.
1270 1705 1463 1740 Tillemont.
1487 1708 1515 1738 t.
1531 1705 1554 1740 4
1571 1706 1694 1759 p.610.

341 1755 363 1787 9
388 1752 583 1796 Γαλλέριος
604 1754 661 1786 LP
693 1753 838 1797 passim,
870 1761 1103 1794 nonnunquam
1128 1748 1316 1793 Γαλέριος.
1349 1751 1398 1785 S:
1526 1749 1695 1794 Σεβηρου

341 1799 414 1831 LP.
530 1801 572 1832 10
595 1794 707 1837 ὄντας
721 1799 858 1836 παῖδας
879 1797 926 1831 P:
991 1795 1107 1836 Victor
1143 1808 1197 1840 ep.
1230 1795 1449 1830 Maximinum
1479 1795 1585 1831 solum
1610 1796 1695 1830 Gal-

342 1844 422 1876 lerii
443 1844 566 1878 sororis
579 1845 699 1888 filium
720 1849 834 1878 vocat.
857 1843 902 1876 R.
1042 1840 1084 1876 15
1107 1839 1339 1885 γεγενημένος
1361 1841 1399 1876 Ρ.

252 1924 322 1952 tum
339 1924 374 1953 et
389 1930 473 1953 unus
490 1931 596 1954 annus
613 1921 719 1966 elapsi
731 1921 880 1954 fuerunt.
926 1930 968 1953 ac
994 1923 1065 1952 tum
1090 1919 1222 1963 quidem
1248 1918 1399 1963 privatus
1424 1929 1468 1951 ex
1494 1917 1698 1963 imperatore

252 1965 484 1998 Diocletianus
502 1967 612 1999 factus
636 1972 708 2007 est3
742 1966 834 1998 cuius
860 1965 1044 2008 exemplum
1063 1964 1287 1997 Maximianus
1313 1967 1366 1996 est
1388 1968 1535 1997 secutus.
1579 1975 1696 1998 verum

255 2010 478 2043 Constantino
495 2015 530 2044 et
544 2011 674 2044 Licinio
690 2011 826 2043 tertium
841 2021 926 2043 coss.
943 2015 1074 2042 centum
1098 2013 1134 2041 et
1157 2008 1271 2041 decem
1286 2018 1447 2041 annorum
1463 2013 1593 2053 tempus
1607 2009 1697 2042 inte-

254 2066 349 2098 grum
365 2055 495 2098 aderat,
514 2067 579 2099 quo
594 2056 656 2088 iam
673 2056 766 2088 ludos
781 2059 940 2087 consueto
957 2066 1048 2087 more
1064 2053 1250 2086 celebratos
1266 2053 1425 2097 oportuit.
1473 2065 1515 2087 eo
1530 2065 1613 2087 vero
1630 2065 1697 2088 non

255 2099 459 2140 observato,
496 2101 538 2133 ad
562 2101 792 2134 infelicitatem
814 2099 905 2132 illam
929 2110 984 2132 res
999 2098 1134 2144 publica
1149 2098 1281 2142 prolabi
1296 2109 1434 2132 necesse
1448 2098 1515 2132 fuit
1529 2110 1618 2144 quae
1631 2099 1697 2133 hoc

252 2150 404 2190 tempore
419 2155 478 2177 nos
494 2150 603 2188 urget.

345 2192 378 2225 8.
425 2193 475 2223 Ac
490 2190 718 2224 Diocletianus
734 2189 865 2234 quidem
881 2188 975 2222 annis
991 2188 1096 2221 tribus
1111 2191 1188 2232 post
1201 2191 1350 2222 mortuus
1364 2191 1430 2223 est.
1461 2188 1518 2233 qui
1532 2200 1615 2223 vero
1629 2189 1696 2223 iam

255 2235 338 2268 facti
352 2240 449 2269 erant
463 2235 693 2279 imperatores,
719 2234 937 2268 Constantius
953 2238 988 2267 et
1005 2234 1226 2267 Maximianus
1240 2233 1411 2267 Gallerius
1422 2258 1432 2274 ‚
1456 2234 1619 2268 Caesares
1634 2245 1697 2279 ap-

257 2281 427 2325 pellavere
442 2281 605 2313 Severum
621 2285 656 2313 et
671 2280 884 2314 Maximinum
895 2307 905 2322 ‚
936 2279 992 2323 qui
1009 2285 1108 2311 natus
1124 2283 1196 2312 erat
1211 2290 1253 2312 ex
1267 2290 1384 2312 sorore
1401 2279 1553 2323 Gallerii,
1577 2284 1612 2313 et
1626 2280 1698 2313 lta-

257 2326 335 2359 liam
350 2326 493 2367 Sevem,
511 2325 689 2359 Maximino
706 2324 897 2369 provincias
912 2324 955 2356 ad
970 2324 1071 2357 solem
1087 2324 1249 2357 orientem
1266 2324 1347 2357 sitas
1363 2324 1599 2358 attribuerunt.
1624 2335 1698 2358 cum

259 2378 369 2404 autem
383 2371 418 2404 in
435 2371 523 2413 bono
538 2381 593 2404 res
610 2377 724 2404 essent
738 2375 838 2412 statu,
853 2374 886 2403 et
902 2369 1026 2413 ubique
1040 2369 1187 2403 locorum
1202 2369 1338 2402 barbari
1353 2369 1570 2413 perlubenter
1584 2370 1628 2403 ob
1642 2380 1700 2403 res

258 2416 463 2461 superiorum
480 2422 662 2460 temporum
678 2416 821 2448 feliciter
834 2415 867 2448 in
883 2426 941 2448 eos
957 2419 1072 2458 gestas
1088 2414 1316 2458 quiescerent3
1350 2415 1589 2448 Constantinus
1602 2419 1700 2448 natus

259 2473 302 2495 ex
317 2461 556 2495 consuetudine
571 2461 715 2494 mulieris
731 2471 846 2504 parum
861 2461 1020 2492 honestae
1031 2485 1041 2500 ‚
1077 2465 1112 2492 et
1127 2470 1213 2503 quae
1228 2470 1292 2492 non
1310 2460 1343 2492 in
1358 2470 1488 2492 manum
1506 2458 1700 2503 imperatori

261 2506 457 2540 Constantio
473 2506 618 2549 legitime
632 2505 863 2546 convenisset,
896 2505 1083 2537 iamdudum
1108 2515 1180 2537 cum
1195 2504 1302 2537 animo
1318 2516 1378 2538 suo
1394 2505 1438 2537 de
1451 2504 1590 2549 imperio
1605 2503 1700 2548 eogi-

260 2558 355 2594 tans,
380 2557 416 2585 et
429 2551 612 2597 cupiditate
627 2550 744 2584 maiori
757 2561 919 2583 accensus
934 2562 976 2583 ex
992 2561 1058 2594 quo
1075 2550 1225 2583 Severus
1241 2554 1275 2582 et
1288 2549 1487 2583 Maximinus
1501 2549 1698 2592 dignitatem

261 2597 461 2630 Caesaream
478 2596 649 2630 consecuti
662 2596 806 2638 fuerant,
825 2606 866 2628 ea
880 2595 954 2628 loca
970 2594 1186 2638 relinquenda
1201 2594 1321 2627 statuit
1335 2594 1453 2638 quibus
1467 2594 1502 2627 in
1517 2594 1599 2627 locis
1614 2605 1699 2637 age-

261 2642 331 2684 bat,
356 2647 391 2675 et
405 2642 447 2675 ad
464 2642 692 2676 Constantium
707 2647 835 2686 patrem
849 2639 1144 2685 proficiscendum,
1177 2639 1233 2683 qui
1248 2639 1337 2684 apud
1353 2639 1505 2672 nationes
1518 2638 1701 2684 transalpi-

262 2697 321 2719 nas
336 2692 421 2729 erat,
445 2692 480 2720 et
493 2687 526 2720 in
544 2686 714 2721 Britannia
727 2686 922 2732 plerumque
937 2684 1085 2718 vivebat.
1113 2710 1120 2723 ,
1131 2684 1258 2717 veritus
1277 2689 1388 2717 autem
1406 2695 1448 2717 ne
1461 2684 1554 2717 forte
1567 2683 1701 2728 fugiens

262 2732 590 2776 apprehenderetur,
621 2733 709 2778 quod
733 2731 959 2777 compluribus
970 2730 1035 2764 iam
1049 2729 1238 2765 notissimus
1252 2734 1343 2764 esset
1357 2740 1450 2763 amor
1464 2729 1612 2775 imperii,
1633 2739 1700 2774 quo

1414 2835 1435 2846 ι
