1812 3016
303 71 401 118 412
846 74 1205 119 REITEMEOERI

303 180 353 219 de
365 195 495 220 rerum
507 182 632 220 causis
646 183 772 236 iisque
785 196 885 236 quae
900 184 993 223 inde
1011 192 1235 238 sequantur,
1255 198 1300 224 ao
1318 183 1367 223 de
1382 185 1590 226 virtutibus
1610 187 1738 226 vitiis-

303 250 381 289 que
400 240 679 289 imperatorum
704 241 897 292 rebusque
916 242 1202 292 praefectorum
1219 243 1399 280 civilibus
1418 250 1486 280 aut
1502 244 1738 281 militaribus

302 293 503 331 iudicata*
494 309 535 331 111
555 293 630 332 hac
647 303 756 361 parte
776 297 971 347 legimus,
1010 297 1280 348 OlympIOdori
1297 300 1428 349 potius
1445 311 1530 336 esse
1548 312 1669 351 quam
1688 299 1735 336 ab

299 351 459 387 Zosimo
472 352 592 388 animi
605 353 686 388 acie
705 354 861 390 inventa
877 354 1132 404 suspicamur,
1146 367 1310 405 eamque
1331 354 1380 391 ob
1396 367 1555 392 causam
1573 368 1618 392 ea
1638 359 1738 407 quae

301 404 350 443 de
371 405 597 444 Stilichonis
619 409 825 446 virtutibus
845 422 889 445 ac
910 411 1014 446 vitiis
1034 411 1082 446 ab
1106 412 1213 447 omni
1231 411 1438 461 iniquitate
1457 412 1608 448 alienus
1631 410 1739 448 iudi-

299 463 422 510 cavit,
460 476 541 500 non
558 465 759 515 Eunapio,
790 467 858 516 qui
880 472 923 502 ut
947 467 1114 516 impium
1130 467 1172 503 in
1192 468 1386 503 maiorum
1403 479 1518 504 sacra
1536 465 1738 504 hominem

297 531 390 554 eum
411 520 690 569 exagitaverat,
725 519 795 557 sed
817 521 1096 572 Olympiodoro
1118 521 1216 559 duce
1233 523 1398 572 scripsit.
1458 524 1527 574 qui
1547 535 1637 560 cum
1658 525 1739 560 Zo-

298 575 397 611 simo
417 548 511 612 hice
502 577 717 625 comparari
739 578 944 627 scriptores
965 576 1220 629 adhiberique
1244 576 1296 614 ad
1319 579 1403 615 eius
1423 577 1738 616 emendationem

295 631 471 680 possint,
512 632 541 667 ii
563 638 601 668 et
619 633 845 682 paucissimi
865 640 956 670 sunt
974 640 1011 670 et
1030 635 1185 670 minimi
1203 635 1408 671 momenti.
1465 636 1623 672 Orosius
1646 635 1738 686 qui-

297 685 411 733 dem,
449 687 526 723 nisi
551 688 653 724 iusto
671 690 828 739 parcior
845 701 891 725 ac
910 689 1091 726 brevior·
1081 703 1122 726 ιιι
1142 690 1256 727 rebus
1275 688 1501 728 enarrandis
1516 691 1684 727 fuisset'
1674 703 1737 727 m·-

298 741 558 793 dulsissetque
587 745 718 781 minus
739 746 898 794 ingenio
925 747 1216 795 superstitioso,
1254 752 1299 782 ut
1318 746 1493 797 aequalis
1513 752 1638 783 aetate
1663 745 1738 783 ad-

297 811 423 848 eoque
444 800 620 835 maxime
641 801 867 837 auctoritate
888 801 1064 851 pollens,
1094 802 1324 839 utilissimus
1345 801 1395 838 ad
1414 800 1519 838 hunc
1538 814 1654 839 usum
1672 802 1736 839 fo·-

296 860 368 890 ret.
425 854 677 904 suppeditant
695 857 887 892 nonnulla
907 868 1007 908 quae
1025 855 1104 894 huc
1120 857 1281 904 faciunt,
1299 864 1456 908 praeter
1474 858 1738 895 sozomenum

297 916 335 946 et
360 908 668 960 Philostorgium
694 918 733 948 et
765 909 1081 963 chronographos
1110 914 1385 950 Marcellinum
1415 920 1454 950 et
1485 915 1736 965 Prosperum,

299 965 512 1003 Iomandes
529 974 567 1003 et
584 968 810 1018 Procopius,
837 966 902 1004 hic
919 971 961 1005 in
980 970 1142 1016 ultimis,
1171 970 1241 1006 ille
1264 971 1307 1006 in
1329 969 1536 1020 prioribus,
1567 969 1738 1022 denique

298 1022 541 1071 Augustinus
561 1024 735 1074 aequalis
755 1036 800 1060 ac
821 1023 1046 1074 Frigeridus
1066 1026 1323 1063 Turonensis.
1378 1026 1519 1063 ultimo
1540 1026 1628 1063 looo
1648 1038 1737 1063 mo·-

302 1078 483 1115 nebimus
511 1076 663 1115 hiatum
691 1092 775 1116 esse
803 1080 1095 1131 quodammodo
1125 1080 1310 1118 historiae
1336 1093 1466 1118 rerum
1500 1093 1601 1133 quae
1635 1082 1739 1119 inter

299 1145 448 1170 annum
465 1133 546 1175 404
568 1141 606 1171 et
627 1135 708 1177 407
731 1142 863 1186 gestae
891 1143 1012 1174 erant.
1071 1150 1160 1174 cum
1188 1139 1294 1174 enim
1322 1138 1525 1188 Eunapius
1552 1135 1737 1175 historiae

298 1202 392 1227 suae
415 1189 534 1226 finem
564 1203 665 1227 anno
694 1191 776 1233 404
799 1191 957 1240 fecerit,
998 1192 1302 1244 Olympiodorus
1320 1199 1452 1230 autem
1471 1205 1583 1230 suam
1601 1206 1637 1230 a.
1655 1192 1737 1234 407

299 1258 461 1282 exorsus
484 1247 545 1293 sit,
577 1247 756 1283 relictum
775 1247 822 1284 ab
845 1249 893 1285 iis
915 1255 972 1286 est
989 1251 1171 1299 spatium,
1194 1248 1301 1300 quod
1317 1250 1394 1286 nisi
1412 1249 1571 1286 aliunde
1589 1256 1737 1286 sartum

296 1302 478 1338 Zosimus
505 1304 696 1352 praestitit
724 1315 770 1339 ac
795 1304 911 1341 rebus
936 1305 978 1341 in
996 1305 1067 1342 illo
1084 1307 1271 1355 temporis
1291 1306 1497 1342 intervallo
1518 1306 1640 1356 gestis
1661 1317 1737 1342 ex-

295 1357 440 1407 plevit,
479 1358 601 1407 ipsius
629 1357 834 1395 historiam
861 1360 1133 1410 imperfectam
1161 1360 1322 1397 reddere
1341 1360 1490 1399 debuit.
1547 1367 1736 1412 quantum

295 1412 557 1462 comparando
577 1420 705 1463 potest
728 1415 878 1462 ooniici,
907 1428 959 1452 ex
975 1415 1269 1466 Olympiodoro,
1291 1417 1359 1467 qui
1381 1415 1590 1453 exordium
1609 1414 1737 1453 histo-

295 1469 375 1504 riae
393 1481 486 1505 suae
509 1469 626 1519 paulo
649 1470 764 1507 altius
784 1468 944 1508 duxisse
962 1471 1135 1519 videtur,
1173 1484 1219 1509 ea
1242 1485 1341 1523 quae
1360 1472 1408 1509 iis
1428 1473 1540 1509 annis
1558 1478 1649 1510 sunt
1671 1473 1736 1509 in-

293 1524 402 1561 clusa
431 1531 586 1575 sumpta
613 1532 703 1562 sunt
732 1531 769 1562 et
786 1527 988 1563 translata.
1043 1528 1192 1564 factum
1220 1534 1354 1564 tamen
1385 1528 1451 1564 vel
1478 1530 1535 1565 sic
1560 1529 1735 1565 ut-male

293 1582 490 1617 omitteret
525 1593 587 1617 res
618 1581 828 1620 nonnullas
857 1581 1071 1620 admodum
1098 1584 1315 1632 notabiles,
1354 1585 1535 1634 inprimis
1559 1582 1736 1622 Alarichi

290 1637 461 1686 primam
476 1637 517 1672 in
539 1637 694 1673 Italiam
711 1639 1023 1675 exscensionem.
1041 1646 1048 1653 ’

403 1705 443 1742 p.
467 1694 546 1733 283
565 1705 604 1729 v.
627 1695 666 1732 8.
725 1692 996 1731 desiderantur
1023 1693 1089 1732 hic
1113 1707 1158 1732 ea
1179 1707 1280 1746 quae
1302 1693 1353 1732 ad
1371 1696 1542 1746 priorem
1559 1693 1734 1733 Alarichi

291 1749 332 1786 in
357 1748 512 1784 Italiam
534 1750 779 1798 eruptionem
800 1751 1008 1800 pertinent.
1066 1763 1168 1788 anno
1193 1751 1276 1792 400
1296 1749 1524 1799 Alarichus,
1554 1764 1644 1789 cum
1664 1765 1734 1789 su-

291 1805 435 1853 peratis
465 1804 631 1855 Alpibus
657 1806 699 1842 iu
727 1806 883 1843 ItaIIam
910 1805 1199 1854 descendisset,
1239 1807 1398 1857 proeliis
1436 1805 1655 1848 commissis
1682 1806 1735 1844 ad

291 1859 528 1896 Pollentiam
553 1872 598 1896 ac
620 1861 815 1897 Veronam
836 1875 858 1898 a
873 1860 1089 1900 Stilichone
1106 1864 1161 1899 ita
1180 1862 1304 1899 victus
1323 1863 1560 1914 fugatusque
1579 1869 1660 1910 est,
1689 1869 1734 1900 ut

291 1921 381 1965 post
411 1927 532 1951 anuos
563 1922 642 1952 tres
675 1929 794 1967 quam
815 1918 971 1955 Italiam
1000 1916 1196 1956 hostiliter
1217 1919 1448 1966 invasisset,
1482 1931 1570 1956 eam
1586 1925 1736 1956 terram

290 1971 512 2021 relinquere
529 1983 574 2007 ac
590 1970 715 2009 redire
737 1974 792 2010 cis
810 1974 932 2024 Alpes
954 1981 1156 2024 cogeretur
1179 1973 1437 2026 (Claudianus
1461 1973 1510 2011 de
1527 1974 1632 2011 bello
1652 1975 1734 2018 Ge-

290 2027 389 2071 ticot,
428 2026 478 2062 of.
508 2026 728 2064 Tillemont.
760 2035 789 2065 t.
813 2029 837 2068 5
860 2043 898 2079 p.
921 2029 1171 2070 522-532-
1235 2028 1404 2066 Gihbon.
1430 2036 1458 2066 t.
1477 2031 1501 2070 3
1522 2043 1563 2080 p.
1587 2028 1733 2070 145—-

293 2082 407 2131 155).
466 2081 634 2118 eundem
651 2082 880 2120 Alarichum
900 2092 1034 2135 postea
1053 2083 1217 2123 Stilicho
1238 2084 1288 2121 ad
1308 2098 1397 2122 suas
1419 2092 1548 2135 partes
1565 2091 1733 2122 tractum

290 2138 524 2187 magistrum
551 2139 716 2174 militiae
745 2140 785 2175 iu
811 2141 968 2190 Illyrico
999 2143 1198 2178 constituit
1226 2140 1459 2191 (Sozomen.
1488 2143 1513 2181 8
1550 2140 1618 2182 25.
1678 2141 1730 2178 cf.

292 2193 406 2230 Baat
421 2194 596 2229 Histoire
613 2195 801 2230 ancienne
824 2196 890 2232 des
903 2196 1068 2246 peuples
1086 2197 1133 2233 cle
1151 2197 1179 2232 l’
1182 2197 1338 2246 Europe
1355 2203 1383 2233 t.
1400 2198 1424 2236 7
1444 2209 1484 2246 p.
1508 2198 1561 2237 69
1582 2209 1692 2248 seqq.
1683 2196 1731 2247 .).

403 2248 456 2284 ib.
481 2262 516 2284 v.
539 2249 603 2290 15.
663 2252 838 2287 exactius
865 2250 962 2288 haec
992 2251 1095 2303 apud
1116 2251 1438 2303 olympiodorum
1460 2258 1550 2289 sunt
1572 2252 1728 2290 tradit&

290 2301 485 2354 Στελιχαὶν
515 2304 743 2356 (Illyricum
770 2319 997 2357 recuperare
1025 2315 1068 2345 ut
1085 2307 1336 2345 occidentalis
1355 2309 1466 2357 reg-ni
1481 2313 1633 2358 partem
1659 2321 1730 2345 cu-
1763 2325 1765 2331 ,

291 2359 423 2410 piens)
446 2359 718 2417 μετεκαλέσατο
741 2360 804 2400 ἔπι
823 2360 865 2401 τὸ
883 2358 1056 2411 φυλάξαι
1072 2362 1247 2416 Ὁνωρίῳ
1267 2361 1308 2403 τὸ
1325 2359 1553 2415 Ἰλλυρικόν·
1582 2366 1635 2417 τῆ
1654 2379 1729 2416 γαρ

292 2411 418 2455 αυτοῦ
438 2417 491 2467 ἠν
511 2413 620 2468 πικροὶ
641 2417 855 2456 Θεοδοσίου
874 2421 949 2457 τοῦ
956 2418 1110 2483 ,πατρὸς
1130 2418 1435 2470 ἒκνενεμημὲνον
1452 2419 1640 2472 βασιλείᾳ.

402 2470 455 2508 ib.
517 2473 666 2522 accepit
692 2471 899 2510 Alarichus
928 2475 1018 2511 vivo
1045 2473 1262 2512 Stiliohone
1289 2471 1435 2526 μισθὸν
1467 2476 1539 2526 τῆς
1568 2473 1730 2526 ἐκστρα-

289 2527 394 2574 τείας
411 2524 449 2578 μ’
463 2524 710 2579 κεντηνοῖρια.
767 2528 1036 2578 Olympiodor.

402 2582 454 2619 ib.
481 2596 515 2620 v.
542 2586 603 2624 18.
645 2583 693 2621 de
712 2582 936 2634 Rodogaisi,
967 2586 1034 2635 qui
1057 2585 1324 2636 quinquennio
1344 2585 1425 2621 iam
1443 2590 1534 2620 ante
1551 2581 1728 2621 Alariohi

289 2638 444 2675 fuerat
433 2652 474 2675 111
491 2641 707 2676 vastatione
723 2640 858 2676 ItaHae
878 2641 1019 2687 socius,
1049 2642 1219 2687 incursu,
1241 2642 1423 2678 Zosimus
1438 2641 1540 2676 iusto
1556 2640 1726 2687 brevius,

289 2695 447 2734 Orosius
464 2697 490 2735 7
519 2698 572 2736 37
590 2695 708 2748 paulo
727 2695 866 2745 fusius,
892 2709 1030 2734 verum
1047 2708 1128 2734 non
1148 2698 1242 2734 satis
1264 2703 1400 2733 exacte
1421 2696 1588 2746 soi-lpsit.
