1812 3016
267 67 365 115 394
809 69 1164 114 REITEMEIERI

265 185 390 216 ratam
407 176 558 216 habuit.
614 177 827 216 Iornandes
846 177 895 215 de
917 179 999 216 reb.
1021 179 1111 216 Get.
1131 192 1165 216 c.
1181 180 1250 220 27.
1307 178 1359 216 cf.
1376 178 1583 216 Sozomen.
1603 180 1629 221 8
1656 177 1699 228 4,

264 236 413 274 Socrat.
433 233 458 274 5
488 236 512 274 6
526 263 536 282 ,
570 233 670 272 Idat.
691 233 742 271 ad
761 247 797 272 a.
816 238 909 276 379.

374 303 415 340 p.
436 291 518 331 212
537 303 574 327 v.
594 292 658 330 18.
714 292 905 328 Moesiam
930 297 969 327 et
992 291 1236 327 Pannoniam
1265 289 1298 326 si
1327 302 1418 326 cum
1441 290 1698 338 Tillemontio

263 345 320 396 (t.
341 345 367 386 5
384 359 426 396 p.
445 348 526 386 729
545 353 628 383 not.
648 345 700 396 8)
732 354 798 383 aut
830 347 1093 384 Valentiniani
1123 353 1190 383 aut
1215 343 1431 382 Theodosii
1459 346 1580 383 fuisse
1613 358 1699 382 cre-

265 401 357 439 dere
382 402 571 448 velimus‚
601 415 679 438 non
703 401 846 439 idcirco
865 409 998 439 tamen
1018 403 1238 438 alterutrius
1258 402 1441 451 potestati
1461 414 1526 438 eas
1545 402 1700 438 subtra-

265 465 345 495 ctas
379 470 402 494 a
438 458 620 494 Gratiano
652 464 690 494 et
717 458 888 495 barbaris
914 460 956 494 in
987 457 1180 495 dicionem
1205 456 1367 494 traditas
1394 463 1562 494 statuere
1580 457 1698 503 licet3

264 512 335 551 sed
359 512 588 550 transeundi
615 512 733 550 modo
759 527 830 564 per
850 515 938 551 illas
957 512 1007 550 ad
1026 515 1168 550 Istrum
1190 510 1486 560 traiiciendum,
1514 525 1590 564 quo
1609 525 1700 548 ma-

265 570 389 606 turius
411 569 458 604 ab
477 582 612 606 eorum
630 570 904 607 vexationibus
925 570 1167 616 liberaretur,
1189 570 1342 619 copiam
1361 570 1416 605 eis
1438 581 1522 606 esse
1540 569 1700 604 factam.

263 626 444 663 Zosimus
475 624 635 676 quidem
651 626 740 662 illas
759 627 979 676 provincias
1000 626 1175 662 Gratiani
1196 623 1324 661 dicere
1344 622 1498 662 videtur
1524 623 1587 674 (c.
1605 622 1701 674 30).

372 693 412 731 Ρ·
432 682 512 722 213
533 695 570 718 v.
590 684 630 722 3.
687 682 738 718 cf.
762 683 994 718 Ammianus
1017 683 1070 721 27
1099 679 1139 721 5.

374 735 428 773 ib.
453 750 490 773 v.
516 739 581 777 18.
639 733 832 787 Σκύρους.
888 735 937 773 de
961 737 1105 773 Scirrts
1124 736 1321 788 loquitur,
1359 736 1427 786 qui
1447 734 1495 771 ab
1515 734 1702 771 extremis

263 793 439 830 vistulae
460 793 554 842 ripis
572 799 852 842 processerant.
915 791 1165 842 Carpodacas
1182 791 1383 844 probabile
1402 791 1468 839 fit,
1499 803 1583 828 esse
1603 790 1701 827 Car-

265 860 336 898 pos
357 849 520 883 Daciam
540 849 768 885 incolentes.
823 849 884 885 I-I.

377 916 418 953 p-
438 902 520 943 214
539 917 577 940 v.
598 903 636 943 4.
692 903 795 940 hanc
821 904 1095 951 barbarorum,
1126 903 1194 954 qui
1232 892 1402 940 odatlzeo
1430 900 1528 938 duce
1555 903 1699 939 Istrum

264 960 507 1006 traiecerant,
535 961 841 997 internecionem
863 972 898 996 a.
916 961 994 1000 383
1014 960 1159 996 factam
1177 971 1248 1009 pro
1269 956 1422 995 eadem
1427 955 1565 994 haberi
1582 956 1699 994 video

265 1028 356 1052 cum
377 1016 528 1051 altera'
517 1028 560 1051 m
585 1028 620 1051 a.
641 1018 720 1056 386
744 1014 959 1063 referenda,
986 1028 1063 1066 quo
1084 1015 1278 1051 Honorius
1298 1015 1426 1064 primo
1448 1013 1593 1050 Consul
1611 1012 1699 1060 fuit,

265 1084 299 1108 c.
321 1072 373 1110 38
391 1078 619 1107 memorata.
650 1084 743 1108 sane
762 1073 964 1122 utriusque
985 1077 1118 1107 auctor
1137 1071 1355 1116 Promotus,
1377 1075 1416 1106 et
1435 1071 1533 1106 ratio
1553 1070 1701 1105 utrius-

264 1139 342 1177 que
371 1124 480 1164 haud
507 1127 696 1164 absimilis
711 1156 721 1174 ,
750 1129 930 1178 inprimis
949 1128 983 1163 si
1003 1125 1262 1163 Claudianum
1284 1124 1464 1162 audimus
1477 1154 1488 1173 ‚
1520 1126 1638 1161 etiam
1658 1125 1700 1160 in

264 1183 386 1219 altera
404 1181 478 1218 hac
499 1182 722 1220 Odotheum
742 1190 780 1220 et
800 1181 1061 1232 Greuthingos
1081 1187 1450 1218 commemorantem
1463 1209 1473 1228 ,
1505 1179 1554 1216 de
1572 1179 1599 1219 4
1620 1192 1699 1216 cos.

262 1239 409 1275 Honor·
428 1240 507 1278 623
529 1251 616 1289 sqq.
673 1241 800 1288 potuit
827 1246 960 1275 tamen
980 1237 1178 1275 Odotheiis
1197 1238 1256 1274 bis
1276 1238 1365 1273 Istri
1386 1237 1594 1273 transitum
1610 1242 1701 1271 ten-

262 1300 345 1330 tare
375 1300 414 1330 et
446 1294 507 1330 bis
541 1293 691 1330 cladem
720 1296 908 1344 accipere.
967 1295 1088 1330 altera
1108 1300 1240 1329 tamen
1263 1291 1394 1329 clades
1415 1304 1450 1328 a.
1473 1294 1552 1332 386
1574 1291 1700 1327 multo

263 1350 454 1386 illustrior
477 1355 554 1396 est,
585 1363 674 1386 cum
696 1357 734 1386 et
754 1349 1004 1386 Theodosius
1025 1348 1073 1386 de
1094 1362 1139 1385 ea
1157 1347 1400 1397 triumphum
1421 1348 1543 1397 egerit
1564 1353 1602 1383 et
1622 1347 1700 1383 Co·-

261 1405 421 1442 lumnae
440 1403 738 1442 Theodosianae
759 1412 1033 1455 argumentum
1053 1403 1104 1440 ad
1125 1417 1213 1440 eam
1231 1404 1432 1440 referatur.
1478 1415 1575 1438 mox
1593 1415 1631 1438 v.
1645 1402 1699 1441 21

262 1459 503 1512 νικωμένους
518 1474 597 1497 nou
619 1467 700 1497 erat
715 1460 946 1498 tentandum
956 1459 1016 1510 *):
1047 1458 1148 1496 nihil
1166 1460 1423 1510 frequentius,
1446 1470 1565 1510 quam
1583 1459 1700 1497 νικᾶ-

264 1520 362 1556 σθαι
381 1518 523 1570 θυμῷ,
552 1514 667 1572 ὀογῇ,
698 1523 736 1553 et
757 1517 845 1554 aliis
866 1518 987 1553 animi
1005 1515 1206 1552 affectibus
1221 1514 1427 1564 ηττᾶσθαι.
1483 1515 1545 1550 Η.

373 1571 427 1608 ib.
452 1585 491 1608 v.
514 1573 579 1612 13.
637 1571 679 1608 id
706 1574 826 1609 etiam
852 1574 1127 1635 imperatorem
1153 1569 1257 1637 apud
1279 1571 1424 1606 milites
1453 1571 1495 1605 in
1523 1567 1699 1605 contem-

262 1634 375 1678 ptum
394 1626 580 1674 adduxit,
615 1627 721 1679 quod
741 1627 891 1665 ludicra
911 1629 1013 1664 levia
1029 1635 1072 1663 et
1089 1628 1221 1663 inania
1236 1628 1386 1677 potiora
1404 1637 1524 1677 quam
1542 1626 1599 1661 rei
1619 1625 1699 1660 mi-

261 1684 387 1720 litaris
409 1696 539 1720 curam
555 1657 736 1720 liabebat.
795 1684 845 1720 cf.
865 1685 1063 1720 Ammian.
1084 1684 1135 1723 31
1171 1684 1234 1721 10.
1692 1696 1694 1699 ’

373 1738 427 1776 ib.
451 1752 490 1776 v.
509 1742 578 1779 21.
634 1738 736 1776 nihil
763 1741 804 1777 in
830 1738 892 1777 his
920 1738 1025 1790 quod
1055 1751 1077 1774 a
1102 1738 1374 1788 probabilitate
1400 1734 1607 1772 abhorreat
1632 1740 1700 1770 aut

263 1793 382 1831 fidem
400 1796 548 1831 Zosimi
564 1795 799 1832 labefactare
814 1797 952 1846 possit.
1008 1796 1166 1831 interim
1180 1793 1378 1843 Sulpicius
1397 1793 1564 1839 Severus
1585 1790 1700 1840 (Dia-

262 1850 345 1899 log.
371 1853 397 1890 2
425 1850 469 1899 7)
501 1857 539 1887 et
562 1852 720 1888 Orosius
751 1851 795 1900 (7
825 1850 920 1901 34),
951 1851 1111 1887 consilio
1138 1856 1175 1886 et
1206 1850 1320 1899 culpa
1341 1847 1544 1884 seditionis
1567 1859 1590 1882 a
1610 1846 1700 1881 Ma-

263 1907 374 1942 ximo
395 1905 529 1942 aversa
542 1935 551 1952 ,
586 1919 666 1942 non
688 1906 898 1972 cupiditate
920 1908 1031 1956 regni
1051 1919 1142 1942 eum
1163 1903 1214 1940 ad
1233 1902 1481 1955 tyrannidem
1504 1913 1701 1951 occupan-

264 1959 357 1997 dam
381 1962 646 2008 stimulatum,
677 1962 747 1999 sed
765 1964 804 1999 vi
820 1963 991 1999 militum
1009 1961 1191 1998 adactum
1209 1960 1329 1996 fuisse
1347 1965 1518 1995 narrant.

373 2015 426 2052 ib.
450 2029 487 2053 v.
506 2019 574 2055 22-
633 2019 854 2067 Hispanum
885 2019 1042 2054 natione
1074 2017 1196 2053 fuisse
1217 2015 1358 2052 diserte
1376 2020 1485 2050 notat
1501 2013 1695 2058 Zosimus,

262 2078 306 2108 ut
324 2078 451 2108 erient
470 2072 539 2122 qui
559 2073 791 2108 Britannum
812 2073 971 2110 faciunt.
1029 2073 1207 2110 Socrates
1231 2069 1393 2122 quidem
1421 2067 1465 2119 (5
1498 2067 1566 2117 11)
1598 2063 1699 2105 Μά-

265 2128 377 2177 ξιμος
400 2127 442 2167 ἐκ
464 2129 544 2165 τῶν
571 2127 662 2179 περὶ
689 2143 760 2173 τας
785 2130 1017 2179 Βρεττανίας
1046 2142 1174 2178 μερων
1201 2125 1390 2175 ἐπανέστη
1424 2127 1474 2178 τῆ
1500 2122 1699 2174 Ῥωμαίων

262 2178 386 2237 α’ρχῇ,
416 2181 486 2219 sed
511 2196 563 2219 ex
582 2181 643 2220 his
662 2183 791 2220 verbis
808 2197 887 2220 non
906 2184 1139 2233 intelligitur
1157 2195 1247 2219 eum
1266 2194 1318 2219 ex
1335 2181 1538 2217 Britannia
1562 2180 1699 2215 oriun-

263 2223 358 2274 dum
378 2251 486 2285 esse,
516 2237 587 2274 sed
607 2238 698 2275 inde
723 2252 807 2275 rem
827 2241 1071 2276 Romanam
1061 2240 1263 2276 invasisse.
1293 2237 1383 2272 Bar
1377 2236 1502 2271 thius.
1563 2234 1699 2270 obser-

243 2284 394 2330 'vatum
410 2300 469 2330 est
484 2292 590 2330 idem
610 2307 631 2330 a
647 2295 916 2331 Tillemontio.
973 2296 1151 2332 Ritterus
1169 2292 1279 2330 addit
1297 2293 1563 2328 Maximorum
1578 2289 1700 2325 fami-

259 2350 354 2386 liam
374 2351 522 2386 Romae
541 2349 675 2396 fuisse,
700 2352 742 2386 in
760 2351 900 2400 quibus
921 2357 1002 2386 erat
1021 2352 1054 2387 is
1073 2351 1141 2401 qui
1150 2347 1523 2387 ValentinianumA.
1544 2343 1698 2390 occidit,

261 2412 300 2442 et
327 2412 483 2442 senator
500 2404 549 2441 de
570 2418 646 2456 quo
664 2407 828 2456 Procop.
848 2404 964 2442 Goth.
989 2407 1008 2444 1
1039 2406 1094 2446 25
1123 2411 1162 2441 et
1179 2405 1398 2440 luculenter
1414 2400 1578 2439 Vandal.
1604 2401 1626 2438 1
1655 2399 1698 2439 4-

371 2474 411 2510 p-
430 2460 510 2501 215
530 2474 567 2498 V.
586 2465 653 2502 21.
709 2460 925 2510 Lugduni
915 2474 957 2497 ιιι
977 2461 1128 2508 Gallia,
1162 2473 1241 2496 non
1264 2457 1502 2507 Singiduni
1493 2470 1534 2492 m
1550 2455 1699 2490 Moesia

259 2517 536 2566 imperatorem
564 2530 587 2553 a
617 2518 698 2554 suis
729 2515 926 2553 desertum
958 2523 996 2551 et
1022 2516 1070 2552 ab
1089 2514 1267 2552 hostibus
1289 2520 1447 2564 captum
1467 2523 1696 2560 caesumque

260 2585 345 2609 esse
377 2571 490 2608 docet
520 2585 611 2609 cum
642 2573 728 2610 aliis
760 2573 940 2623 inprimis
966 2571 1217 2619 Ambrosius,
1248 2571 1311 2607 cui
1339 2581 1429 2606 cum
1452 2569 1509 2604 rei
1532 2579 1584 2603 ex
1604 2577 1699 2616 pro-

349 2693 393 2737 *J
440 2692 683 2727 Reitemeierus
706 2691 843 2727 volebat
863 2686 1112 2735 κινουμένους.
