1774 3002
279 107 343 154 62
890 107 1085 152 ZOSIMI

277 218 463 271 ἅπασαν,
504 219 570 262 καὶ
593 219 752 279 Σικελίᾳ
777 224 1034 277 προσσχοῦσα
1069 221 1135 263 καὶ
1157 224 1209 278 τῇ
1228 222 1510 279 Συρακουσίων
1533 224 1705 280 προσμί-

277 290 381 337 ξασα
410 287 534 330 πολὺν
563 287 664 330 κατὰ
696 286 845 342 ταύτην
873 287 1083 344 εἲργάσατο
1105 286 1243 346 φόνον.
1307 288 1386 345 ἤδη
1410 291 1455 334 δὲ
1475 292 1542 333 καὶ
1562 290 1705 347 Λιβύῃ
1763 340 1766 342 v

275 360 639 412 προσορμισθεΐσα,
687 358 754 397 καὶ
785 356 1109 413 ἃποκρουσθεῖσα
1140 355 1343 411 δυνάμεως
1374 358 1418 400 ἐκ
1445 357 1707 415 Καρχηδόνος
1771 391 1774 395 «

275 424 559 485 ἐπενεχθεῖσης,
595 425 660 465 οἳά
682 441 723 466 τε
747 424 899 479 γέγονεν
924 425 1088 480 ἀπαθὴς
1110 426 1340 468 ἐπανελθεῖν
1361 425 1508 469 οἴκαδε.
1771 481 1774 483 .

406 490 576 548 Πρόβου
598 493 640 533 δὲ
658 490 937 545 βασιλεύοντος
959 495 1024 534 καὶ
1042 492 1131 535 τόδε
1153 493 1312 547 συνέβη.
1368 497 1448 536 τῶν
1466 491 1739 548 μονομάχων5

274 559 315 609 ἐς
335 557 576 614 ὀγδοήκοντα
597 558 829 611 συστάντες,
876 559 1182 617 διαχρησάμενοι
1205 560 1299 611 τοὺς
1323 559 1617 617 φυλάττοντας,
1653 563 1708 610 εἷς
1772 555 1774 558 ’

273 627 324 669 τὰ
351 632 423 681 τῆς
451 626 602 677 πόλεως
622 626 871 678 ἐξελάσαντες
892 628 943 669 τὰ
966 630 1006 669 ἓν
1028 630 1142 670 ποσὶν
1166 630 1383 682 ἐληΐζοντο,
1421 633 1601 680 πολλῶν,
1640 626 1708 670 οἶα

273 696 503 748 συμβαίνειν
535 700 662 751 φιλεῖ,
711 696 1083 749 συναναμιχθέντων
1117 696 1263 746 αὐτοῖς.
1331 695 1434 738 ἀλλὰ
1455 698 1520 739 καὶ
1542 693 1709 745 τούτους

272 763 461 816 βασιλεὺς
484 761 650 816 δύναμιν
669 764 876 816 ἐκπέμψας
899 765 1090 819 ἐξέτριψε.

411 834 554 872 Ταῦτα
587 831 890 888 διαπραξαμένῳ
913 836 970 888 τῷ
990 829 1167 889 Πρόβῳ,
1212 831 1344 880 καλῶς
1373 846 1414 872 τε.
1449 831 1517 875 καὶ
1548 831 1708 880 δικαίως
1720 837 1763 871 10

276 895 577 953 οἰκονομήσαντι
597 898 668 952 τὴν
691 897 829 955 ἀρχήν,

490 1001 611 1039 ἰστέον
641 1002 691 1045 αἱς
721 1002 886 1039 ἐνταῦθα
910 1002 1023 1038 λείπει
1044 1001 1087 1037 τὸ
1112 1001 1215 1044 τέλος
1236 1003 1305 1039 τοῦ
1325 1003 1360 1038 α’
1383 1001 1494 1049 λόγον

797 1049 859 1084 καὶ
880 1046 903 1094 ἡ
930 1047 1019 1094 ἀρχὴ
1043 1049 1110 1083 τοῦ
1134 1048 1181 1095 β’.

364 1181 387 1215 5
411 1179 585 1226 βασιλέως
602 1182 643 1216 Ρ.
763 1184 785 1218 7
810 1180 1052 1226 ἐξελάσαντες]
1075 1193 1184 1215 nonne
1207 1179 1274 1224 ἔξω
1297 1178 1517 1222 divionense?
1539 1183 1586 1225 οἱ,
1598 1194 1632 1229 p.
1662 1184 1708 1218 26

364 1228 420 1262 23.
539 1230 579 1262 11
603 1228 636 1260 in
651 1227 680 1261 P
699 1231 798 1261 vacat
811 1239 875 1261 una
890 1229 1051 1261 duntaxat
1066 1228 1206 1270 pagina3
1229 1227 1288 1261 sed
1329 1228 1418 1261 lures
1434 1228 1551 1264 deesse
1565 1240 1618 1262 res
1633 1229 1709 1274 ipsa

364 1272 446 1306 satis
460 1271 592 1305 indicat.
615 1274 651 1307 S.
696 1273 864 1306 invcodice
886 1285 982 1317 quem
1001 1272 1208 1305 Bibliotheca
1223 1239 1425 1307 Coisiiniana
1439 1284 1474 1318 p.
1491 1275 1511 1308 1
1524 1285 1559 1319 p.
1575 1275 1641 1310 214
1655 1274 1708 1308 in-
1740 1276 1746 1277 ’

363 1317 453 1350 dicat
462 1341 475 1361 ,
499 1322 574 1351 octo
589 1317 643 1351 hic
658 1318 801 1363 paginae
814 1329 943 1352 vacuae
958 1317 1197 1361 relinquuntur.
1219 1317 1264 1352 R.

273 1447 402 1494 copiam
425 1452 545 1492 nacta,
577 1450 682 1483 totam
697 1449 874 1484 Graeciam
899 1448 1120 1484 conturbavit.
1165 1448 1201 1483 in
1216 1449 1363 1484 Siciliam
1384 1460 1518 1496 quoque
1537 1450 1652 1486 delata
1672 1454 1709 1487 et
1771 1491 1774 1494 Α

270 1497 385 1528 urbem
402 1495 649 1539 Syracusanam
663 1495 784 1528 adorta
799 1506 951 1538 magnam
965 1495 999 1528 in
1015 1506 1055 1528 ea
1070 1494 1204 1529 caedem
1219 1496 1335 1530 edidit.
1381 1497 1514 1530 taudem
1531 1503 1604 1531 cum
1622 1500 1658 1531 et
1671 1497 1708 1532 in
1760 1509 1774 1537 ⁶,

272 1540 420 1574 Africam
436 1541 618 1584 appulisset
631 1551 671 1573 ac
686 1540 810 1574 reiecta
824 1541 955 1582 fuisset,
976 1540 1126 1574 adductis
1143 1540 1350 1585 Carthagine
1364 1541 1479 1587 οορὶίε,
1495 1541 1707 1578 nihilominus
1770 1542 1774 1566 ἶ

271 1585 402 1619 domum
421 1585 531 1619 redire
551 1585 673 1618 nullum
688 1597 785 1630 passa
799 1585 1027 1619 detrimentum
1045 1585 1164 1631 potuit.

360 1631 439 1664 Hoc
454 1641 585 1675 quoque
600 1631 710 1664 Probo
725 1631 909 1675 imperante
924 1630 1074 1674 contigit.
1126 1630 1330 1674 gladiatores
1343 1642 1479 1666 numero
1494 1632 1538 1666 ad
1552 1633 1708 1678 octogiu-

271 1677 307 1708 ta
319 1701 331 1716 ‚
363 1676 609 1721 conspiratione
630 1676 720 1709 sacta
741 1675 1001 1720 custodibusque
1015 1676 1083 1709 suis
1097 1676 1300 1730 interemptis
1311 1703 1322 1720 ‚
1345 1676 1379 1710 in
1394 1677 1508 1711 urbem
1522 1679 1707 1723 progressi,

272 1721 429 1765 quicquid
445 1721 638 1765 offerretur,
663 1721 874 1766 diripiebant,
891 1732 962 1754 cum
978 1721 1082 1762 multi,
1098 1732 1159 1754 ceu
1174 1721 1247 1754 fien
1261 1721 1359 1764 solet,
1378 1721 1427 1759 eis
1441 1732 1480 1757 se
1493 1723 1709 1768 permiscuis-

272 1770 359 1801 sent.
405 1777 519 1800 verum
536 1770 571 1800 et
584 1766 659 1799 illos
674 1765 857 1811 imperator
874 1766 979 1800 missis
999 1766 1102 1810 copiis
1118 1765 1254 1800 excidit.

291 1855 301 1864 .
362 1811 427 1844 His
441 1812 543 1846 rebus
559 1823 580 1846 a
593 1812 706 1846 Probo
722 1811 828 1855 gestis
838 1837 850 1855 ,
877 1811 934 1856 qui
949 1814 986 1845 et
999 1811 1175 1857 praeclare
1190 1822 1231 1845 ac
1244 1811 1331 1846 iuste
1345 1811 1586 1849 administravit
1601 1812 1706 1860 impe-

273 1866 357 1892 num
378 1876 425 1884 ·-
446 1877 492 1884 —

588 1945 767 1980 Sciendum
795 1945 848 1979 hic
874 1945 974 1991 primi
994 1945 1070 1980 libri
1091 1946 1191 1980 finem
1211 1945 1392 1983 desiderari

784 1995 820 2025 et
837 1991 973 2026 secundi
994 1990 1201 2036 principium.
