1812 3016
245 128 343 174 226
873 127 1071 172 ZOSIMI

243 246 300 300 τῷ
320 241 503 298 ,Μαξίμῳ
529 240 654 300 ῥᾴονα
679 239 945 295 καταστήσας.
1013 240 1110 297 ὅπερ
1140 238 1162 282 ὅ
1194 237 1388 294 Μάξιμος
1415 238 1687 298 προϊδόμενος,

246 312 312 351 καὶ
346 311 408 351 ἐπὶ
434 308 561 366 τούτῳ
590 307 719 351 πάντα
748 306 1071 358 κατασκευάσας,
1106 307 1407 363 ἐπηκολούθησε
1424 313 1689 368 πανστρατιᾷ,

245 378 348 431 μεθ’
382 374 551 431 ἡσυχίας
581 377 826 433 προπέμψας
860 376 962 418 κατὰ
998 377 1071 430 τὴν
1108 374 1203 418 ὁδὸν
1232 375 1438 434 φύλακας,
1484 376 1530 418 οἳ
1553 381 1687 419 πᾶσαν

245 446 448 487 ἐποιοῦντο
478 446 673 502 φροντίδα
700 449 771 486 τοῦ
798 444 952 498 μηδένα
980 443 1299 500 παραδραμόντα
1317 444 1389 498 τὴν
1412 444 1475 486 ἐπὶ
1495 444 1567 499 τὴν
1580 444 1686 486 Ἰτα-

245 515 334 554 λίαν
358 514 555 566 ,ΤΙἸαξίμου
576 511 765 566 διάβασιν
782 520 864 562 τοῖς
887 512 991 569 ἀμφὶ
1014 512 1212 565 Λομνῖνον
1231 511 1420 566 ἀγγεῖλαι.
1487 513 1554 553 καὶ
1579 507 1627 566 ἦν
1656 509 1714 566 ἦό

244 580 408 635 τοιαύτη
429 581 588 637 φυλακὴ
614 581 702 622 λίαν
723 579 901 629 εὔκολος·
936 580 1029 621 οὐδὲ
1059 580 1136 636 γὰρ
1169 575 1218 634 ἦν
1248 577 1333 621 οἶόν
1359 596 1402 621 τε
1431 583 1572 621 λαθεῖν
1592 580 1687 629 τοὺς

244 649 314 690 διὰ
334 653 405 690 τοῦ
425 646 669 690 στενωτάτου
699 652 778 690 τῶν
800 647 976 689 Ἄλπεων
1003 646 1149 697 ἰόντας.
1218 647 1282 689 ὅτε
1305 648 1436 689 τοίνυν
1464 646 1563 702 ἕγνω
1591 647 1687 697 τοὺς

244 716 350 773 ἀμφὶ
368 716 437 758 τὸν
457 716 657 768 Δομνῖνον
677 716 727 757 τὰ
746 714 970 757 στενώτατα
997 720 1076 757 τῶν
1093 715 1272 758 Ἄλπεων
1300 716 1366 756 καὶ
1395 714 1447 756 τὰ
1478 718 1556 757 τῶν
1581 714 1687 771 ὀρῶν

242 783 377 837 ἄβατα
396 781 651 833 διελθόντας,
677 783 755 837 ἤδη
776 784 902 824 δὲκαὶ
926 783 974 824 τὰ
992 783 1094 836 μετὰ
1114 783 1186 832 τὰς
1198 782 1367 833 ἶ4λπεις,
1391 781 1468 824 ὅσα
1489 777 1537 836 ἦν
1555 781 1686 837 ἑλώδη

242 853 310 893 καὶ
331 851 562 907 δυσχέρειαν
586 852 824 903 ἐμποιοῦντα
845 851 1101 907 στρατοπέδῳ
1127 851 1315 904 πολέμιον
1334 856 1477 906 στῖφος
1497 851 1685 891 ε’ναντιω-
1698 854 1742 888 10

240 918 408 972 σόμενον
426 920 469 960 ἐν
489 920 729 974 δυσχωρίαις
748 914 926 974 εὑρήσειν
944 918 1148 970 ἐλπίζοντι,
1167 917 1255 960 τότε
1275 918 1325 971 δὴ
1345 918 1419 960 σὺν
1437 919 1554 959 παντὶ
1574 916 1684 971 τάχει

238 987 312 1040 τὴν
338 986 531 1037 Ἰταλίαν,
567 984 730 1035 οὐδενὸς
758 986 943 1039 ἐμποδὼν
972 984 1105 1036 ὄντος,
1151 985 1391 1039 καταλαβὼν
1422 989 1472 1041 τῇ
1495 984 1690 1045 Ἀκυληίᾳ,

237 1053 442 1110 προσάγει.

375 1121 455 1167 43.
492 1120 820 1163 Οὗαλεντινιανοῦ
840 1121 884 1162 δὲ
902 1124 957 1177 τῷ
976 1121 1163 1177 αἰφνιδίῳ
1181 1121 1247 1161 καὶ
1264 1120 1376 1177 παρὰ
1393 1125 1526 1162 πᾶσαν
1543 1120 1685 1162 ἐλπίδα

238 1189 568 1244 καταπλαγέντος,
598 1189 688 1238 δέος
706 1187 827 1244 εἰσῄει
847 1189 941 1238 τοὺς
960 1187 1069 1245 ἄμφ’
1094 1187 1216 1230 αὐτὸν
1232 1188 1291 1242 μὴ
1313 1189 1379 1230 καὶ
1398 1189 1567 1244 ζωγρίαν
1583 1186 1684 1230 ἑλῶν
1697 1196 1739 1232 15

213 1295 217 1299 .
238 1255 260 1298 ὃ
281 1256 476 1310 Μάξιμος
497 1255 775 1312 διαχρήσηται.
841 1254 930 1298 τότε
951 1257 1002 1310 δὴ
1024 1255 1122 1305 νεώς
1139 1256 1281 1308 ἐπιβὰς
1298 1257 1360 1298 ε’πὶ
1380 1255 1454 1310 τὴν
1476 1255 1685 1298 Θεσσαλο-

236 1326 347 1378 νίκην
369 1325 511 1380 ἇπῇρε.
579 1324 817 1366 συναπέπλει
837 1324 881 1365 δὲ
902 1323 1010 1381 αὐτῷ
1037 1325 1103 1364 καὶ
1126 1320 1152 1377 ἦ
1174 1322 1308 1379 μήτηρ
1327 1323 1544 1375 ’Ῑουστΐνα,
1580 1325 1685 1365 Ma-

234 1393 392 1447 γνεντίῳ
423 1393 518 1444 μέν,
563 1389 617 1440 ὡς
649 1391 804 1446 εἴρηταί
824 1407 920 1444 μοι,
966 1389 1160 1447 πρότερον
1189 1389 1484 1444 συνοικήσασα,
1516 1391 1618 1445 μετὰ
1639 1391 1685 1437 δὲ

234 1460 311 1512 τὴν
336 1460 482 1501 ἐκείνου
516 1460 753 1514 καθαίρεσιν
790 1459 1103 1515 Οὗαλεντινιανῷ
1132 1463 1188 1515 τῷ
1219 1462 1383 1512 βασιλεῖ’
1415 1459 1483 1500 διὰ
1511 1457 1684 1515 κάλλους

180 1530 182 1532 ’
233 1524 460 1583 ὕπερβολὴν
489 1530 768 1582 συναφθεῖσα,
811 1527 878 1567 καὶ
911 1527 983 1580 τὴν
1015 1527 1224 1582 θυγατέρα
1251 1527 1292 1566 Γ
1289 1525 1414 1567 άλλαν
1446 1527 1739 1582 ε’παγομένηλῦ

234 1592 541 1643 διαπλεύσαντες
567 1594 612 1635 δὲ
638 1594 689 1635 τὰ
717 1597 895 1635 τοσαῦτα
926 1592 1075 1647 πελάγη
1095 1595 1163 1634 καὶ
1186 1597 1237 1649 τῇ
1261 1593 1533 1649 Θεσσαλονίκῃ
1553 1610 1682 1650 προσ-

233 1662 493 1717 ορμισθέντες
512 1663 703 1720 πρεσβείᾳ
723 1661 824 1718 πρὸς
850 1659 1066 1703 Θεοδόσιον
1095 1662 1265 1718 ἐχρῶντο
1294 1661 1364 1703 τὸν
1386 1662 1578 1714 βασιλέα,
1612 1666 1683 1703 νῦν

232 1734 329 1783 γοῦν
357 1730 477 1772 αὐτὸν
505 1734 554 1785 τῇ
583 1730 686 1771 κατὰ
716 1729 864 1779 παντὸς
890 1733 962 1771 τοῦ
991 1729 1318 1772 Οὗαλεντινιανοῦ
1340 1729 1477 1784 γε’νους
1500 1728 1683 1789 ἀσελγείᾳ

324 1844 366 1880 15
389 1842 686 1889 καταπλαγέντος
707 1845 751 1879 S:
780 1844 882 1890 vulgo
904 1841 1164 1886 καταστάντος.

231 1943 378 1978 Maximo
394 1944 573 1978 faciliorem
589 1945 746 1980 reddidit.
791 1946 881 1990 quod
897 1945 1064 1980 Maximus
1079 1947 1226 1999 futurum
1243 1945 1472 1991 prospiciens,
1506 1955 1613 1990 eaque
1637 1945 1680 1980 de

230 2000 334 2022 causa
357 1989 484 2022 cunctis
507 1990 678 2043 apparatis
704 1992 825 2033 rebus,
859 1992 1024 2025 universis
1040 2003 1114 2026 cum
1130 1991 1236 2036 copiis
1252 1992 1452 2024 subsecutus
1463 1996 1539 2032 est,
1573 1991 1681 2025 tacite

229 2034 421 2079 praemissis
437 2035 470 2067 in
486 2035 604 2068 itinere
620 2036 837 2078 custodibus,
862 2037 918 2081 qui
936 2048 1064 2070 omnem
1083 2047 1193 2070 curam
1210 2036 1416 2069 adhibebant
1431 2047 1473 2069 ne
1488 2046 1589 2069 cursu
1604 2037 1680 2080 quis

229 2083 503 2124 praetergressus
520 2080 658 2114 Maximi
672 2081 848 2114 transitum
864 2082 897 2115 in
913 2082 1038 2116 Italiam
1051 2081 1206 2115 Domnini
1221 2081 1396 2115 comitibus
1411 2081 1591 2116 nuntiaret.
1637 2093 1679 2115 ac

230 2124 419 2158 huiusmodi
435 2125 585 2158 custodia
603 2126 774 2169 perlacilis
790 2131 875 2161 erat.
892 2139 954 2160 uec
969 2127 1053 2160 enim
1071 2127 1176 2160 latere
1193 2131 1348 2179 poterant
1361 2125 1417 2170 qui
1432 2131 1531 2170 parte
1546 2126 1678 2181 Alpium

229 2169 396 2204 artissima
412 2170 724 2214 proficiscebantur.
749 2181 822 2204 cum
837 2171 939 2215 igitur
954 2172 1158 2216 intelligeret
1169 2171 1364 2204 Domninum
1387 2182 1460 2204 cum
1475 2171 1544 2205 suis
1560 2172 1679 2225 copiis,

230 2225 298 2260 qua
313 2221 390 2247 sunt
404 2215 670 2258 angustissimae,
684 2215 859 2260 inviosque
875 2222 1002 2250 montes
1019 2222 1223 2261 penetrasse,
1245 2227 1318 2248 cum
1334 2215 1375 2249 iis
1391 2221 1567 2260 praeterea
1583 2216 1680 2260 lovis,

231 2271 335 2305 quae
343 2264 437 2293 trans
464 2260 566 2302 Alpes
589 2267 686 2293 erant
704 2261 867 2305 palustria
886 2267 919 2295 et
940 2263 1169 2295 difficultatem
1188 2261 1390 2295 obiiciebant
1405 2261 1543 2295 militum
1560 2262 1679 2306 copiis,

232 2306 355 2349 quibus
371 2316 413 2338 ne
426 2305 545 2338 hostile
560 2315 677 2348 agmen
694 2306 905 2340 offenderent
919 2307 1097 2340 timendum
1117 2312 1200 2348 erat,
1225 2306 1311 2339 omni
1327 2317 1400 2339 cum
1417 2307 1591 2341 celeritate
1604 2308 1678 2340 lta—

230 2351 321 2394 liam,
344 2349 472 2384 nemine
487 2350 769 2395 praepediente,
761 2362 931 2394 ingressus
948 2352 1132 2396 Aquileiam
1148 2351 1262 2396 copias
1281 2351 1387 2386 ducit.

320 2396 377 2429 43.
414 2395 647 2429 Valentiniano
661 2401 726 2429 tam
742 2379 918 2440 repeentino
936 2408 1014 2431 casu
1030 2402 1126 2431 extra
1140 2408 1233 2441 spem
1250 2407 1377 2430 omnem
1393 2396 1588 2438 constituto,
1604 2397 1678 2429 for-

230 2440 355 2474 midare
370 2445 551 2485 coeperunt
564 2440 635 2474 eius
654 2441 831 2474 familiares
846 2453 887 2474 ne
903 2443 1069 2476 Maximus
1085 2453 1157 2475 eum
1174 2442 1285 2475 vivum
1300 2441 1334 2474 in
1351 2446 1555 2494 potestatem
1573 2441 1676 2474 reda·-

229 2490 318 2518 ctum
347 2486 526 2519 occideret.
578 2491 785 2531 quapropter
812 2498 928 2520 navem
952 2488 1121 2530 ingressus
1145 2485 1417 2520 Thessalonicam
1442 2486 1548 2527 abiit,
1582 2486 1676 2520 socia.

226 2531 447 2574 navigationis
463 2530 591 2565 lustina
608 2537 733 2572 mati-03
765 2541 852 2575 quae
875 2532 1105 2575 Magnentium
1130 2532 1221 2576 prius
1244 2532 1396 2565 maritum
1419 2532 1602 2568 habuerat,
1637 2535 1674 2564 ut

227 2581 306 2609 ante
321 2576 471 2614 diximus,
488 2582 523 2610 et
536 2577 591 2610 illo
606 2576 740 2610 sublato
757 2581 896 2621 propter
912 2578 1063 2611 eximiam
1081 2579 1206 2610 formae
1219 2580 1430 2610 venustatem
1439 2575 1674 2609 Valentiniano

226 2621 368 2666 principi
383 2621 497 2655 iuncta
512 2622 719 2655 matrimonio
733 2623 855 2655 fuerat.
902 2622 986 2654 haec
1005 2623 1138 2656 Gallam
1162 2633 1296 2666 quoque
1320 2621 1420 2654 filiam
1437 2630 1549 2654 secum
1565 2621 1675 2654 abdu-

227 2667 338 2701 cebat.
386 2678 458 2700 cum
475 2668 539 2700 tot
543 2667 664 2700 emensi
680 2666 786 2700 maria
800 2667 1073 2700 Thessalonicam
1089 2667 1305 2720 appulissent,
1328 2665 1495 2709 legatione
1510 2666 1578 2698 acl’
1567 2677 1675 2710 impe-

225 2717 370 2744 ratorem
395 2712 625 2746 Theodosium
654 2713 753 2746 missa
787 2716 908 2755 rogant
941 2718 979 2745 ut
1007 2713 1112 2746 saltim
1147 2723 1236 2745 nunc
1267 2710 1479 2744 insolentiam
1511 2711 1674 2745 adversus

225 2766 354 2790 omnem
380 2757 603 2791 Valentiniani
632 2757 788 2792 familiam
813 2758 992 2792 exercitam
1017 2757 1216 2791 vindicaret.
1263 2755 1476 2791 Theodosius
1500 2755 1575 2790 ad
1564 2766 1673 2802 ipsam
