1812 3016
295 120 391 164 326
912 117 1106 180 zosnvn
1129 177 1134 187 ..

295 232 435 275 ἐλπίδα
453 229 714 281 Κώνσταντος
736 229 1023 287 ἀναιρεθέντος.
1071 228 1298 285 κινηθέντος
1318 227 1368 271 δὲ’
1378 227 1478 285 πρὸς
1496 225 1618 284 ὀργὴν
1629 225 1719 270 Ἀτ-

294 298 417 342 τάλου
445 301 511 341 καὶ
533 298 588 341 δι’
617 297 758 355 ἑτέρων
779 298 823 340 τὸ
847 301 1040 355 πρακτέον
1068 296 1336 353 μηνύσαντος,
1370 296 1588 350 πέμπονται
1617 293 1720 336 κατὰ

293 367 365 421 τὴν
385 365 550 421 Λιβύην
567 366 689 423 ἕτεροι
709 366 811 419 μετὰ
825 364 1042 423 χρημάτων
1062 372 1144 416 τοῖς
1162 363 1307 407 αὐτόθι
1324 361 1597 419 βοηθήσοντες
1614 359 1720 417 πρά-

294 451 452 490 γμασιν.
517 433 610 490 ὅπερ
641 434 789 487 μαθὼν
811 433 1040 491 Ἀλάριχος,
1074 435 1140 476 καὶ
1165 432 1405 488 ἃπαρεσθεὶς
1430 434 1488 487 τῷ
1515 429 1720 486 γενομένῳ,

296 509 379 551 τοῖς
406 500 507 543 κατὰ
536 501 604 543 τὸν
623 501 813 543 Ἄτταλον
840 501 1071 557 ἀπεγνώκει,
1106 500 1395 558 φρενοβλαβεία
1413 499 1480 540 καὶ
1500 497 1573 540 σὺν
1593 495 1755 538 οὖδενὶ5

295 567 432 627 κόσμῳ
460 574 543 620 τοῖς
573 568 813 611 ἀλυσιτελέσι
842 568 988 628 ῥαδίως
1015 570 1296 624 ἐπιχειροῦντα.
1361 569 1488 608 ταῦτα
1520 565 1563 607 δὲ
1589 563 1724 616 λαβὼν

296 637 399 679 κατὰ
427 640 518 678 νοῦν
544 636 759 693 ἀναχωρεῖν
779 636 901 693 ἔκρινε
921 641 992 691 τῆς
1005 634 1236 690 Ῥαβέννης,
1269 634 1397 677 καίτοι
1416 649 1459 689 γε
1480 633 1658 685 ἐνστῆναι
1676 635 1725 688 τῇ

296 702 443 758 ταύτης
463 705 670 762 πολιορκίᾳ
692 703 967 758 διανοούμενος
990 703 1104 760 ἄχρις
1126 701 1330 752 ἁλώσεως·
1352 699 1494 754 Ἰόβιος
1516 691 1592 755 γὰρ
1618 698 1727 755 αῧτῷ

297 775 413 813 τοῦτο
437 769 599 827 παρῄνει
608 802 621 822 ,
657 769 700 821 ὃς
717 772 850 826 ἐπειδὴ
871 775 950 814 τῶν
969 772 1010 812 ἓν
1028 768 1171 826 Λιβύῃ
1194 772 1424 826 διαμαρτεῖν
1444 767 1541 823 ἔγνω
1561 766 1631 809 τὸν
1649 763 1727 806 ὕπὸ

292 836 501 880 Ἀττάλου
534 838 748 888 σταλέντα,
781 839 911 880 τέλεον
936 839 991 887 εἷς
1012 837 1056 880 τὸ
1078 837 1128 879 τὰ
1143 835 1336 893 Ὁνωρίου
1356 833 1540 890 πράττειν
1562 831 1726 889 ἐτράπη,
1739 835 1783 872 10

299 908 530 960 κακηγορῶν
559 922 600 949 τε
622 904 831 947 ”Ατταλον
856 905 1068 961 ’Λλαρίχῳ
1098 904 1275 955 διετέλει,
1318 904 1468 945 πείθειν
1496 899 1729 952 σπουδάζων

299 971 372 1023 ὥς,
407 972 564 1014 ἐπειδὰν
591 970 794 1028 κρατήσειε
813 977 884 1027 τῆς
904 973 1131 1026 βασιλείας,
1160 971 1270 1028 αὐτῷ
1288 974 1444 1027 πρῶτον
1463 966 1731 1022 ἐπιβουλεύσει

300 1042 365 1083 καὶ
387 1044 483 1081 πᾶσι
503 1046 586 1090 τοῖς
607 1040 710 1083 κατὰ
730 1041 864 1096 γένους
882 1041 1104 1096 ἀγχιστείαν
1123 1037 1400 1095 προσήκουσιν.
1447 1036 1570 1091 (1.0)
1593 1036 1730 1078 'Aza-

302 1110 414 1164 ρίχου
463 1107 506 1149 δὲ
546 1108 642 1157 τέως
673 1108 849 1161 ἐμμένειν
879 1115 962 1157 τοῖς
991 1107 1091 1164 πρὸς
1110 1106 1317 1151 ”Ατταλον
1349 1103 1482 1161 ὅρκοις
1512 1103 1731 1153 ἐθέλοντος,

302 1176 518 1231 ἀναιρεῖται
535 1176 606 1228 μὲν
630 1174 789 1231 Οὐάλης
809 1174 829 1217 ὅ
849 1180 920 1230 τῆς
934 1177 1059 1217 ἵππου
1077 1171 1318 1231 στρατηγός,
1352 1174 1407 1223 εἷς
1424 1172 1642 1228 προδοσίας
1659 1170 1785 1223 {Pu-15

301 1243 432 1286 πεσὼν
456 1241 657 1297 ὑποψίαν,
693 1242 799 1300 ἐπῄει
825 1244 867 1285 δὲ
892 1250 979 1293 ταῖς
1000 1243 1194 1296 Αἷμιλίας
1211 1239 1368 1283 πόλεσιν
1384 1237 1608 1295 Ἀλάριχος
1626 1234 1732 1279 (finci-

302 1328 416 1362 σαις,
459 1309 550 1352 ὅσαι
578 1311 649 1364 τὴν
670 1309 877 1354 Ἀττάλου
901 1312 1107 1364 βασιλείαν
1137 1308 1303 1363 ἑτοίμως
1327 1309 1523 1358 δέξασθαι
1552 1302 1734 1362 παρῃτή-ν

304 1395 438 1419 σαντο.
505 1379 570 1419 καὶ
599 1378 671 1427 τὰς
699 1379 772 1431 μὲν
800 1378 924 1428 ἄλλας
954 1378 1028 1421 σὺν
1049 1377 1176 1419 οὐδενὶ
1197 1374 1470 1432 παρεστήσατο
1491 1371 1622 1430 πόνῳ,
1649 1375 1734 1414 Bo-

303 1447 447 1487 νωνίαν
465 1446 507 1486 δὲ
526 1444 814 1501 πολιορκήσας,
841 1445 1111 1500 ἂνασχομένην
1143 1442 1310 1500 ἡμέραις
1343 1446 1509 1491 πολλαῖς
1536 1441 1582 1482 οὗ
1614 1441 1736 1494 δυνη-

302 1514 391 1562 θεὶς
410 1511 508 1554 ἑλεῖν
517 1544 530 1563 ,
560 1514 622 1554 ἐπὶ
639 1515 802 1568 Λίγυας
819 1511 976 1570 ἐχώρει,
1006 1513 1206 1563 κάκείνους
1219 1511 1426 1555 ”Λτταλον
1443 1510 1638 1559 δέξασθαι
1657 1512 1792 1561 fitz-m

304 1580 416 1622 σιλέα
447 1580 761 1635 συναναγκάζων.
822 1578 1013 1636 Ὅνωρίου
1043 1581 1085 1622 δὲ
1108 1578 1314 1635 γράμμασι
1336 1578 1435 1634 πρὸς
1455 1576 1528 1626 τὰς
1549 1578 1589 1618 ἐν
1610 1578 1739 1631 Βρετ-

304 1649 421 1705 τανίᾳ
444 1649 698 1703 χρησαμένου
726 1645 857 1697 πόλεις
886 1645 1159 1704 φυλάττεσθαι
1185 1647 1518 1702 παραγγέλλουσι,
1573 1645 1740 1698 δωρεαῖς

306 1732 347 1757 τε
387 1716 662 1769 ἀμειψαμένου
705 1715 797 1765 τοὺς
841 1713 1087 1771 στρατιώτας
1124 1716 1167 1756 ἐκ
1203 1719 1281 1756 τῶν
1311 1713 1421 1769 παρὰ
1450 1710 1740 1768 “Ηρακλειανοῦ

402 1823 421 1856 1
445 1821 699 1874 Κωνσταντίου
723 1821 752 1855 L
777 1833 901 1876 margo.
1055 1821 1098 1856 12
1119 1817 1373 1873 ἐπιβουλεῦσαι
1393 1818 1463 1852 LP.
1604 1803 1742 1869 21oefo'r-

402 1871 491 1900 tasse
512 1873 635 1901 rect1us
658 1877 949 1910 συναναγκασων.
976 1867 1014 1901 S.
1161 1865 1370 1901 scribendum
1393 1867 1446 1899 est
1466 1862 1742 1907 Βρεττιανῃ..Β.

313 1965 488 2000 fluctuare.
534 1977 607 2000 cum
636 1970 747 2001 autem
771 1970 952 2001 commotus
973 1965 1016 2000 ad
1041 1965 1123 2000 iram
1145 1965 1279 1999 Attalus
1298 1974 1358 2009 per
1372 1963 1453 1997 elios
1467 1961 1648 1996 indicasset
1662 1960 1743 2007 quid

313 2016 403 2044 esset
425 2011 585 2054 agendum
600 2039 609 2055 ‚
633 2012 806 2046 mittuntur
829 2012 862 2045 in
887 2012 1029 2045 Africam
1050 2022 1121 2045 cum
1138 2010 1284 2057 pecuniis
1300 2009 1374 2051 alii,
1397 2013 1436 2041 ut
1450 2008 1550 2041 rebus
1567 2017 1679 2040 eorum
1693 2006 1744 2039 lo-

315 2066 427 2089 corum
443 2067 538 2100 opem
555 2057 692 2090 ferrent.
728 2069 793 2101 quo
809 2057 982 2091 Alarichus
995 2057 1139 2100 cognito,
1162 2055 1312 2099 graviter
1327 2064 1368 2087 ac
1382 2053 1518 2087 moleste
1532 2063 1602 2085 rem
1617 2052 1743 2093 ferens,

315 2101 358 2134 de
371 2101 473 2134 rebus
487 2101 594 2135 Attali
609 2102 787 2147 desperare
802 2102 923 2146 coepit,
947 2102 1003 2146 qui
1017 2102 1202 2136 stoliditate
1217 2099 1356 2144 quadam
1369 2098 1466 2133 animi
1480 2097 1633 2141 nullaque
1647 2095 1744 2130 nixus

314 2146 443 2179 ratione
458 2157 511 2178 res
526 2146 658 2179 inutiles
672 2153 798 2181 temere
814 2148 997 2181 moliretur.
1031 2147 1144 2190 itaque
1159 2150 1371 2191 posteaquam
1387 2145 1468 2177 haec
1481 2142 1528 2175 illi
1544 2143 1585 2176 ad
1601 2142 1744 2175 animum

315 2190 530 2232 accidissent,
553 2191 633 2224 licet
654 2197 752 2225 antea
776 2193 957 2226 Ravennae
982 2192 1187 2225 obsidionem
1213 2201 1254 2224 eo
1276 2201 1381 2234 usque
1399 2199 1522 2232 urgere
1535 2187 1746 2230 cogitaverat

315 2236 424 2269 donec
449 2247 519 2269 eam
546 2236 707 2280 cepisset,
731 2241 841 2270 tamen
865 2237 942 2271 inde
966 2237 1198 2270 discedendum
1211 2235 1338 2268 statuit.
1385 2245 1459 2267 nam
1475 2234 1539 2267 hoc
1553 2232 1603 2267 uti
1617 2232 1746 2266 faceret

315 2281 429 2314 Iovius
444 2281 659 2322 hortabatur3
680 2281 735 2325 qui
752 2293 823 2315 cum
839 2282 1055 2316 intellexisset
1067 2282 1156 2315 missi
1170 2281 1213 2314 ab
1226 2280 1336 2314 Attalo
1351 2279 1444 2313 ducis
1459 2278 1572 2312 irritos
1587 2277 1622 2310 in
1632 2276 1746 2310 Africa

317 2330 458 2360 conatus
485 2326 605 2369 fuisse,
629 2337 766 2370 prorsus
782 2327 823 2359 ad
839 2327 1017 2361 favendum
1033 2326 1174 2361 Honorii
1193 2336 1312 2359 causae
1330 2336 1368 2358 se
1387 2323 1571 2364 convertit,
1598 2327 1632 2356 ot
1646 2322 1747 2355 Atta-

316 2371 385 2405 lum
400 2371 582 2404 maledictis
597 2371 684 2416 apud
702 2371 888 2405 Alarichum
911 2372 1078 2406 incessere
1093 2383 1159 2407 non
1173 2370 1288 2412 desiit,
1311 2374 1404 2403 totus
1418 2369 1452 2402 in
1470 2369 1534 2402 boc
1546 2367 1747 2409 hnmmbens,

320 2421 360 2449 ut
381 2416 411 2449 ei
433 2416 652 2460 persuaderet
666 2416 814 2449 Attalum
829 2417 977 2450 stabilito
992 2417 1128 2462 imperio
1146 2416 1284 2460 primum
1299 2415 1454 2449 Alaricho
1469 2413 1532 2458 ipsi
1547 2417 1583 2446 et
1595 2411 1747 2445 omnibus

318 2462 352 2495 'ei
370 2461 500 2504 generis
516 2460 764 2506 propinquitate
778 2461 897 2494 iunctis
912 2462 1046 2496 insidias
1060 2466 1273 2496 structurum.
1321 2460 1416 2504 (10)
1440 2469 1511 2492 cum
1534 2461 1642 2492 autem
1666 2456 1748 2488 Ala-

322 2506 434 2540 richus
450 2507 557 2540 adhuc
572 2506 606 2540 in
621 2506 688 2539 fide
702 2506 816 2539 Attalo
832 2506 910 2539 data
926 2511 1114 2551 perstaret,
1137 2506 1262 2539 Valens
1287 2506 1434 2549 equitum
1448 2502 1606 2546 magister
1619 2500 1748 2534 occisus

324 2555 395 2591 est,
420 2551 615 2597 proditionis
632 2550 860 2592 insimulatus3
884 2555 920 2584 et
947 2552 1120 2585 Alarichus
1142 2551 1215 2595 ipse
1237 2555 1371 2584 cunctas
1386 2548 1487 2583 urbes
1501 2546 1659 2582 Aemiliae
1674 2555 1750 2579 cum

324 2597 428 2640 copiis
442 2597 536 2634 adiit,
552 2600 718 2641 quotquot
731 2596 901 2641 imperium
917 2597 1018 2629 Attali
1034 2601 1186 2641 prompte
1199 2596 1351 2640 accipere
1368 2597 1588 2627 recusassent.
1615 2595 1652 2624 et
1666 2590 1749 2624 alias

323 2642 452 2687 quidem
469 2642 557 2675 nullo
574 2641 688 2675 labore
701 2641 830 2685 redegit
843 2641 877 2674 in
893 2641 1070 2676 dicionem:
1090 2641 1272 2675 Bononiam
1285 2641 1453 2674 obsessam
1469 2642 1505 2671 et
1519 2638 1644 2671 bostem
1657 2646 1751 2669 com-

322 2687 474 2731 pluribus
487 2687 601 2720 diebus
615 2686 829 2720 sustinentem
845 2697 966 2731 capere
979 2698 1044 2719 non
1059 2686 1178 2731 potuit.
1208 2685 1323 2730 itaque
1338 2695 1457 2718 versus
1471 2682 1613 2726 Ligures
1629 2679 1750 2726 pergit,

325 2736 363 2764 ut
379 2732 452 2764 illos
469 2731 567 2765 etiam
583 2732 729 2765 Attalum
744 2730 978 2776 imperatorem
993 2742 1175 2774 agnoscere
1190 2734 1336 2773 cogeret.
1380 2727 1550 2762 Honorius
1564 2731 1686 2769 autem,
1709 2724 1752 2757 li-

324 2776 407 2810 teris
429 2775 473 2809 ad
497 2777 646 2810 civitates
673 2776 881 2810 Britannicas
907 2776 1060 2821 scriptis,
1086 2775 1206 2819 quibus
1230 2786 1288 2809 eos
1312 2775 1508 2807 hortabatur
1521 2776 1559 2807 ut
1572 2772 1673 2806 rebus
1686 2768 1755 2804 suis

327 2821 543 2862 consulerent,
556 2821 734 2866 itidemque
749 2821 903 2856 militibus
918 2833 959 2856 ex
976 2833 1016 2855 ea
1031 2821 1170 2866 pecunia
1185 2831 1282 2865 quem
1293 2818 1514 2858 Heraclianus
1526 2817 1661 2852 miserat
1675 2825 1757 2849 oon-
