1812 3016
397 122 834 186 COMMENTARIUS
872 122 1221 168 HISTORICUS.
1436 122 1532 171 385

100 234 251 282 epod-t
276 228 331 269 ad
351 242 388 271 c.
418 230 486 275 14.
541 232 720 270 Butam
745 229 812 271 hic
836 229 971 270 laudat
993 232 1025 270 l.
1041 234 1068 274 8
1094 245 1130 271 c.
1154 230 1236 271 Th.
1264 229 1314 270 de
1339 234 1476 272 males.
1494 242 1533 273 et

209 354 253 393 p.
272 342 352 383 188
366 355 407 381 v.
427 344 493 384 10.
548 341 764 380 Palladius
779 349 827 379 ut
843 343 1036 391 veneficus
1052 350 1090 380 et
1102 343 1535 395 Heliodorus-satorum

94 410 172 448 pa·
183 398 390 448 gmina-eu
407 399 595 449 intapm
610 398 670 436 ad
686 398 1019 436 Fortunatianum
1035 401 1211 436 conulem
1238 412 1369 437 rerum
1388 403 1533 451 priva-

100 460 233 490 tarum
251 454 435 492 conducti
452 461 489 491 et
506 453 560 491 ab
578 451 631 491 eo'
633 455 911 505 praetorianae
921 455 1197 507 praefecturae
1213 456 1360 493 iudicio
1378 458 1530 497 traditi.

100 510 300 547 Ammiani.

210 563 265 602 ib.
288 577 328 602 v.
349 565 417 606 17.
470 562 672 602 Palladius
690 564 765 602 iste
786 565 1003 614 veneficus,
1033 565 1163 605 clades
1183 567 1280 605 alias
1299 581 1418 620 snper
1435 570 1535 608 alias

101 618 351 668 cumulando,
370 618 563 657 detulerat
582 619 775 672 quosdam
789 622 1066 660 veneficiorum
1083 625 1220 661 notitia
1239 624 1424 674 pollutos,
1437 626 1536 664 alios

99 682 145 713 ut
163 675 442 728 appetitoribus
459 675 752 714 imminuendae
770 679 984 716 maiestatis
1003 681 1191 717 conscios.
1232 682 1432 718 Ammian.
1451 682 1480 719 l.
1497 695 1534 720 c.

102 731 280 768 Riuereu
298 729 409 769 addit
426 731 455 768 1.
473 734 498 773 3
517 745 550 769 c.
571 730 652 770 Th.
670 731 719 769 de
737 732 819 771 fisc.
840 732 1093 772 debitoribus.
1122 736 1179 772 R.
1249 737 1407 774 infamis
1435 735 1535 775 haec

107 786 285 826 Valentis
309 788 482 838 quaestio
508 788 551 824 in
579 788 767 836 veneficos
795 795 831 825 et
856 803 994 841 magos
1015 792 1174 828 maioris
1193 789 1243 828 ad
1261 805 1324 830 res
1344 790 1538 832 humanas

99 843 291 881 momenti
306 842 382 880 fuit
398 855 518 894 quam
533 843 652 894 vulgo
669 844 912 895 intelligitur.
970 848 1163 883 saevitum
1180 848 1287 884 enim
1306 855 1363 885 est
1380 850 1422 886 in
1442 848 1537 900 phi-

100 896 288 950 losophos
318 905 358 936 et
386 897 714 950 philosophonnn
742 899 1000 939 bibliothecas
1021 908 1128 939 tanta
1151 915 1241 939 cum
1264 903 1394 951 rabie,
1423 912 1467 941 nt
1486 905 1536 942 ab

99 951 178 992 boo
194 953 287 992 inde
303 959 480 1005 tempore
508 955 527 1006 (
534 967 572 992 a.
597 954 704 1005 374)
732 957 940 1006 gentilium
962 955 1288 1009 philosophorum
1312 971 1429 997 omne
1453 961 1537 998 fere

99 1021 247 1047 nomen
263 1010 502 1048 exstinctum
519 1011 583 1058 sit,
610 1018 748 1061 regnet
765 1024 872 1059 vero,
897 1025 969 1063 per
988 1014 1187 1051 Orientem
1207 1015 1398 1063 maxime,
1422 1015 1538 1054 Chri-

100 1066 228 1103 stiana
252 1064 504 1117 philosophia
527 1073 567 1104 et
590 1067 743 1118 religio.
798 1069 921 1105 miror
937 1067 1036 1106 haec
1050 1082 1131 1107 non
1149 1069 1421 1109 animadversa
1439 1072 1539 1109 Gib-

100 1120 204 1160 bono
229 1120 256 1162 5
285 1123 327 1162 6.
381 1122 444 1160 H.

210 1189 254 1228 p.
273 1179 351 1219 189
368 1189 409 1215 V.
428 1177 470 1220 5.
525 1175 608 1214 vid.
625 1177 656 1215 l.
673 1179 699 1219 3
716 1175 766 1215 de
784 1178 865 1216 fisc.
886 1177 1051 1218 debitor.
1070 1187 1108 1218 et
1125 1180 1182 1217 ibi
1199 1180 1362 1219 Godosr.
1392 1183 1535 1220 Riuo.

210 1230 267 1270 ib.
289 1245 331 1270 v.
355 1235 418 1274 10.
473 1233 694 1285 maximus,
722 1236 832 1272 cuius
858 1233 966 1272 haud
995 1238 1140 1287 exigua
1165 1237 1252 1274 laus
1277 1237 1384 1288 apud
1402 1240 1540 1276 Enna-

99 1287 213 1339 pinm
240 1289 309 1340 (in
329 1288 409 1325 vita
432 1288 625 1340 Maximi)
653 1295 693 1327 et
719 1292 975 1328 Ammianum
1003 1292 1086 1342 (29
1116 1291 1194 1341 1),
1231 1295 1378 1330 oraculi
1406 1296 1541 1332 cuius·

101 1342 195 1381 dam
226 1356 363 1381 versus
391 1342 548 1381 audisse
576 1350 616 1381 et
646 1347 846 1383 reticuisse
872 1348 1133 1395 insimulatus,
1166 1346 1370 1398 Ephesum
1398 1350 1440 1386 in
1465 1363 1540 1401 pa-

100 1400 220 1437 triam
237 1398 419 1437 reductus
440 1406 479 1436 et
500 1401 627 1451 capite
645 1401 701 1437 ibi
719 1407 919 1440 truncatus
937 1410 1010 1441 est.
1041 1402 1121 1440 vid.
1137 1404 1291 1455 Eunap.
1307 1406 1348 1442 in
1362 1406 1540 1444 Maximo

99 1467 142 1507 p.
160 1455 255 1496 109.
310 1455 364 1492 cf.
382 1456 425 1492 in
445 1453 705 1507 Chrysanthio
721 1469 764 1508 p.
789 1460 879 1498 190.

209 1509 265 1548 ib.
323 1511 525 1548 Patricius
553 1517 593 1548 et
617 1512 807 1549 Hilarius
832 1511 1071 1551 vaticinandi
1095 1516 1230 1564 periti,
1260 1522 1299 1552 et
1322 1516 1542 1554 Simonides

99 1563 360 1617 philosophus
382 1573 422 1604 et
440 1567 616 1604 moribus
636 1570 782 1606 severis
802 1569 976 1616 iuvenis,
1006 1570 1067 1606 illi
1087 1570 1243 1620 gladio,
1273 1570 1339 1608 hic
1357 1573 1539 1620 flammis,

100 1623 286 1660 exstincti
302 1628 408 1660 sunt.
462 1624 663 1660 Ammian.
683 1623 712 1660 l.
734 1636 768 1660 c.
825 1623 969 1669 Suidas
989 1622 1029 1661 h.
1049 1638 1089 1661 v.

100 1712 103 1714 ,
211 1676 268 1714 ib.
287 1690 328 1714 v.
346 1678 415 1718 18.
472 1678 632 1724 Festus,
662 1679 787 1728 ignoti
813 1680 1015 1729 sanguinis
1042 1678 1185 1727 homo,
1216 1678 1265 1717 de
1287 1692 1365 1732 quo
1382 1694 1421 1718 v.
1439 1683 1542 1718 Am-

98 1732 221 1770 mian.
243 1734 297 1772 29
325 1734 353 1773 2
381 1739 420 1769 et
445 1730 648 1783 Eunapius
676 1736 718 1770 in
745 1735 937 1771 Maximo.
994 1735 1046 1771 cf.
1075 1735 1217 1773 Suidas
1247 1749 1286 1773 v.
1319 1738 1476 1787 Φῆστος
1502 1743 1543 1774 et

98 1789 334 1838 Prosopogr.
355 1800 390 1825 c.
405 1786 488 1826 Th.
544 1789 724 1826 Butam
743 1788 878 1826 laudat
896 1792 1058 1840 insuper
1074 1798 1157 1828 not.
1180 1790 1220 1827 d.
1239 1790 1292 1827 ad
1308 1792 1338 1829 l.
1356 1794 1381 1833 3
1402 1805 1436 1829 c.
1457 1790 1541 1830 Th.

100 1842 153 1880 ad
174 1844 253 1893 leg.
274 1844 391 1881 Corn.
413 1842 462 1880 de
481 1844 606 1892 falso,
630 1857 684 1881 ex
711 1846 923 1882 Ammiano
950 1847 1131 1898 Eunapio
1156 1847 1324 1885 Libanio
1342 1853 1382 1884 et
1400 1846 1540 1886 Suida.

31 1952 35 1958 ξ
100 1900 276 1951 itemque
291 1894 459 1950 praefat.
477 1898 530 1936 ad
547 1906 575 1936 t.
595 1902 623 1940 2
641 1899 767 1938 eiusd.
788 1914 822 1937 c.
841 1902 884 1937 in
903 1900 994 1938 fine.

210 1953 265 1991 ib.
285 1967 326 1991 v.
343 1957 413 1996 20.
470 1968 517 1992 ea
539 1962 669 2003 aetas,
698 1963 973 2007 praeterquam
994 1958 1085 1994 vitis
1103 1957 1297 2009 bonisque
1317 1955 1539 2007 hominnm,

99 2010 224 2048 literis
247 2011 369 2047 etiam
391 2012 612 2062 perniciosa
635 2012 731 2060 fuit,
762 2012 898 2050 multis
917 2011 1116 2051 codicibus
1135 2014 1220 2064 igni
1232 2012 1400 2052 traditis.
1455 2014 1541 2053 vid.

99 2066 300 2104 Ammian-
317 2068 372 2106 29
402 2068 425 2106 1
445 2074 484 2104 et
502 2070 544 2108 2.
1336 2104 1337 2107 ,

212 2134 255 2172 p.
273 2122 354 2161 190
370 2135 411 2159 v.
428 2123 470 2164 5.
525 2120 629 2159 hanc
646 2123 911 2160 Valentiniani
926 2124 1176 2161 severitatem
1192 2124 1372 2175 pluribus
1391 2123 1541 2162 descri-

99 2177 160 2215 bit
185 2178 420 2215 Ammianus
448 2180 502 2219 30
532 2178 558 2217 5
580 2185 618 2214 et
637 2181 678 2219 7.
734 2179 879 2217 tributa
900 2187 1035 2227 aucta,
1066 2187 1105 2217 et
1128 2181 1164 2217 si
1186 2181 1255 2231 qui
1274 2179 1474 2217 solvendis
1490 2181 1540 2217 iis

100 2245 183 2270 non
200 2238 344 2279 essent,
371 2234 414 2270 in
436 2246 631 2270 carcerem
650 2241 838 2285 perpetuo
860 2234 1007 2272 conditi
1025 2243 1128 2283 sunt,
1154 2235 1259 2272 unde
1282 2242 1414 2272 tantus
1435 2237 1541 2285 opti-

101 2287 272 2325 mutibus
291 2294 415 2326 terror
431 2290 599 2326 iniectus
616 2297 675 2327 est
692 2297 736 2326 ut
754 2291 823 2326 alii
841 2297 1020 2328 extrema
1036 2298 1257 2328 metuentes
1274 2304 1437 2341 peregre
1456 2291 1544 2326 abi-

48 2371 58 2378 .
102 2349 211 2392 rent,
238 2343 310 2385 alii
326 2344 432 2380 vitae
448 2346 531 2381 iam
548 2346 717 2395 pertaesi
737 2345 949 2396 suspendio
967 2347 1042 2384 sibi
1058 2353 1227 2384 mortem
1246 2348 1544 2383 consciscerent.

212 2396 269 2434 ib.
287 2410 327 2435 v.
347 2400 415 2438 11.
462 2405 663 2450 potiorum
679 2401 844 2446 ducum,
870 2404 1106 2440 Ammianus
1128 2403 1158 2439 l.
1180 2415 1213 2439 c.
1239 2403 1387 2452 inquit,
1407 2401 1543 2451 flagi-

102 2454 161 2490 tia
168 2453 361 2504 progredi
375 2455 529 2492 sinebat
546 2458 589 2493 in
606 2458 753 2502 maius,
782 2457 841 2494 ad
856 2458 1035 2508 querelas
1049 2460 1093 2495 in
1113 2471 1175 2494 eos
1193 2464 1318 2493 motas·
1336 2456 1544 2506 aliquoties

100 2507 390 2555 alana-dacem,
416 2511 522 2548 unde
543 2512 774 2554 Britannici
790 2515 991 2564 strepitus,
1017 2514 1244 2564 Africanae
1263 2511 1396 2548 clades
1412 2518 1450 2548 et
1466 2525 1543 2548 va—

103 2563 218 2601 xatas
234 2566 387 2602 mersit
401 2566 570 2617 Illyrici.

213 2618 269 2656 ib.
290 2633 330 2656 v.
350 2622 416 2663 12.
470 2624 674 2660 Ammian.
705 2623 735 2660 l.
764 2637 799 2662 ο.
831 2624 987 2661 invidia
1010 2622 1241 2660 medullitus
1268 2621 1456 2659 urebatur
1485 2643 1542 2651 —

106 2672 202 2712 bene
218 2676 374 2713 ventites
392 2677 527 2714 oda-ac
547 2686 586 2715 et
602 2679 774 2717 eruditos
791 2687 829 2716 et
844 2680 1047 2730 opulentos
1062 2685 1101 2714 et
1114 2676 1280 2724 nobiles,·
1309 2685 1347 2714 et
1362 2676 1544 2728 jbrtibua

104 2728 351 2777 detrahebat,
377 2739 424 2775 ut
437 2733 546 2771 solu-s
560 2734 756 2772 videretur
772 2734 884 2772 bonis
901 2734 1054 2772 artibus
1072 2734 1250 2770 eminere.

0 2625 4 2811 ἱ
160 2789 329 2827 m,
1218 2786 1275 2828 25

0 2813 7 3016 Ι
