1812 3016
229 65 322 113 168
847 66 1046 112 ZOSIMI

224 179 349 222 ὄντων
364 178 435 222 τὸν
454 177 632 236 ἀριθμὸν
652 179 951 232 πεντεκαίδεκα,
975 179 1078 234 μετὰ
1092 183 1173 223 τῶν
1193 177 1410 238 οῗκητόρων
1430 180 1498 222 καὶ
1517 172 1673 235 κτημά-

224 265 305 291 των
326 250 393 291 καὶ
417 246 527 305 ζῴων
543 248 610 289 καὶ
629 245 762 302 πάσης
779 248 1025 302 ἀποσκευῆς,
1059 251 1225 302 Νίσιβιν
1245 250 1288 291 δὲ
1309 250 1560 306 παραδοῦναι
1581 249 1673 302 δίχα

224 320 305 358 τῶν
334 313 614 360 ἐνοικούντων·
652 314 779 360 ἐδόκει
801 316 879 373 γὰρ
899 315 1086 368 τούτους,
1121 316 1222 359 ἔνθα
1242 316 1291 359 ἂν
1312 315 1436 368 δόξειε
1449 314 1673 371 Ῥωμαίοις,

221 388 537 439 μετοικισθῆναι.
605 386 923 440 προσαφείλοντο
947 385 990 426 δὲ
1010 387 1075 426 καὶ
1089 386 1298 442 ,Ἀρμενίας
1313 385 1360 428 τὸ
1376 384 1477 428 πολὺ
1498 385 1621 441 μέρος
1637 385 1675 426 οἱ

221 453 406 509 Πέρσαι,
440 449 573 508 βραχύ
597 468 635 492 τι
659 450 809 507 ταύτης
824 451 1039 506 Ῥωμαίοις
1059 453 1160 507 ἔχειν
1178 452 1367 504 ἐνδόντες.
1435 453 1499 496 ἐπὶ
1520 451 1707 502 τούτοιςό

224 520 268 562 αἲ
302 522 472 564 σπονδαὶ
502 526 699 575 γεγονυῖαι
735 522 802 562 καὶ
835 523 1120 578 γραμματείοις
1153 520 1402 579 ἑκατέρωθεν
1435 522 1677 577 ἐπισφραγι-

225 592 388 630 σθεῖσαι
429 586 627 630 δεδώκασι
656 586 870 642 Ῥωμαίοις
908 590 1154 646 εὐρυχωρίαν
1187 594 1260 643 τῆς
1293 590 1428 632 οἴκαδε
1465 587 1676 639 ἐπανόδου,

225 656 329 699 κατὰ
355 657 481 710 μηδὲν
510 655 562 700 τὰ
594 658 769 712 Περσῶν
806 658 1114 714 διαφθείρουσιν
1145 656 1258 716 ὅρια,
1296 656 1397 715 μήτε
1430 656 1566 708 αὐτοῖς
1598 655 1676 700 ὑπὸ

223 726 430 781 Περσικῆς
450 724 816 779 ἐπιβουλευομένοις
835 726 1009 782 ἐνέδρας.

362 793 439 836 32.
506 794 580 841 Εἷς
600 796 719 835 τοῦτο
744 797 817 847 τῆς
847 793 1025 849 ἱστορίας
1056 792 1260 851 ἀφιγμένῳ
1283 791 1329 835 τὸ
1354 791 1478 848 μέρος
1501 792 1564 834 ε’πὶ
1583 791 1679 842 τοὺς
1690 797 1734 832 10

225 857 417 901 ἀνωτάτω
444 876 515 913 μοι
538 857 711 916 χρόνους
736 862 910 915 ἐπῆλθεν
939 862 1205 917 ἀναδραμεῖν,
1240 862 1307 902 καὶ
1337 861 1501 915 ζητῆσαι
1526 860 1678 902 εἴποτε

219 926 410 982 Ῥωμαῖοι
431 931 511 971 τῶν
539 928 675 977 αὐτοῖς
697 945 735 970 τι
764 929 992 983 κτηθέντων
1009 927 1157 985 ἑτέροις
1175 927 1402 983 ὑπέστησαν
1414 930 1678 984 παραδοῦναι,

223 994 250 1049 ἢ
274 994 377 1045 ὅλως
402 993 535 1051 ἕτερόν
558 1012 596 1038 τι
618 995 717 1049 ἔχειν
740 1001 820 1039 τῶν
848 995 926 1041 ὕπὸ
952 996 1025 1051 τὴν
1052 995 1302 1053 ἐπικράτειαν
1333 996 1466 1038 αὐτῶν
1485 994 1593 1046 ἅπαξ
1613 1012 1681 1051 γε·-

223 1064 400 1116 νομένων
421 1063 664 1118 ἠνέσχοντο.>
714 1065 896 1106 Λευκίου
922 1065 999 1121 γὰρ
1027 1063 1298 1109 Λουκούλλου
1328 1063 1532 1120 Τιγράνην
1551 1068 1680 1106 καθε-

224 1129 364 1180 λόντος
392 1133 458 1173 καὶ
486 1130 778 1187 Μιθριδάτην,
814 1131 1142 1189 περιποιήσαντός
1161 1150 1202 1178 τε
1223 1130 1385 1190 πρώτου
1403 1136 1453 1188 τῇ
1472 1130 1680 1186 Ῥωμαίων
1693 1137 1735 1174 15

226 1199 334 1258 ἀρχῇ
362 1199 414 1241 τὰ
442 1200 583 1255 μέχρις
603 1200 812 1256 Ἀρμενίας
840 1206 911 1254 τῆς
938 1199 1136 1243 ἐνδοτάτω
1166 1203 1233 1242 καὶ
1256 1202 1421 1254 Νίσιβιν
1439 1201 1503 1241 ἐπὶ
1525 1199 1682 1250 τούτοις

228 1269 295 1308 καὶ
325 1267 376 1308 τὰ
409 1266 606 1323 πρόσοικα
632 1267 808 1324 φρούρια
829 1267 970 1324 ταύτῃ,
994 1267 1211 1322 Πομπήϊος
1236 1267 1411 1324 Μάγνος
1434 1275 1518 1317 τοῖς
1537 1267 1689 1312 τούτου·

229 1333 522 1389 κατορθώμασι
547 1336 658 1384 τέλος
679 1337 869 1386 ἐπιτιθεὶς
899 1337 967 1377 διὰ
992 1340 1063 1390 τῆς
1087 1334 1161 1377 ὕπ’
1188 1336 1315 1379 αὐτοῦ
1342 1336 1550 1391 γινομένης
1571 1334 1682 1392 εῗρή-

228 1419 300 1455 νης
327 1402 400 1454 τὴν
434 1400 586 1447 τούτων
609 1401 822 1456 Ῥωμαίοις
851 1405 1068 1458 ἐβεβαίωσε
1095 1408 1246 1457 κτῆσιν.
1323 1404 1405 1447 ἐπεὶ
1439 1404 1483 1445 δὲ
1506 1406 1681 1460 Περσῶν

230 1464 353 1519 αὖθις
373 1471 615 1524 κινηθέντων
631 1469 922 1528 ἐχειροτόνησεν
940 1470 965 1526 ῆ
982 1473 1169 1528 γερουσία
1182 1469 1376 1528 Κράσσον
1401 1470 1737 1529 αὐτοκράτοραΞΟ

229 1535 473 1593 στρατηγόν,
509 1536 530 1579 ὅ
559 1539 602 1580 δὲ
628 1541 683 1588 εἷς
695 1546 835 1596 χεῖρας
860 1539 993 1582 ἐλθὼν
1025 1540 1196 1596 αἰσχρὰν
1216 1539 1310 1595 ἄχρι
1335 1541 1452 1583 τοῦδε
1469 1537 1683 1594 Ῥωμαίοις

229 1606 411 1650 κατέλιπε
435 1604 579 1658 δόξαν,
607 1605 730 1657 ἁλούς
755 1624 796 1649 τε
825 1609 866 1649 έν
895 1612 946 1664 τῇ
968 1607 1079 1664 μάχῃ
1103 1609 1170 1649 καὶ
1189 1608 1301 1664 παρὰ
1316 1609 1498 1665 Πέρσαις
1517 1608 1681 1650 ἀποθα-

323 1714 367 1747 18
391 1712 630 1766 congruentius
648 1711 854 1762 γενομένης.
876 1714 913 1749 S.
1049 1714 1096 1750 20
1116 1713 1194 1748 libri
1208 1709 1467 1759 αὐτοκράτορα
1486 1713 1550 1752 καὶ
1572 1725 1683 1759 oroa-

321 1769 445 1804 τηγον.

233 1857 320 1891 qnae
346 1846 381 1880 in
407 1847 459 1882 his
485 1851 598 1882 essent
614 1849 772 1892 castella,
796 1860 933 1883 numero
950 1848 1158 1895 quindecim,
1182 1860 1250 1884 una
1266 1861 1340 1884 oum
1355 1849 1471 1886 incolis
1487 1852 1523 1884 et
1537 1850 1684 1896 praediis

234 1898 269 1924 et
284 1893 437 1926 iumentis
453 1898 488 1926 et
504 1895 590 1936 omn-i
607 1900 791 1940 apparatu,
818 1895 961 1929 Nisibim
980 1907 1062 1929 vero
1086 1896 1157 1929 sine
1175 1896 1292 1929 incolis
1306 1895 1496 1929 traderent:
1521 1897 1581 1929 hos
1597 1896 1683 1932 enim

234 1937 382 1984 placuit,
415 1950 614 1986 quocunque
643 1941 804 1974 Romanis
825 1941 932 1977 visum
953 1944 1064 1983 esset,
1091 1941 1318 1984 commigrare.
1364 1946 1542 1985 praeterea
1555 1941 1683 1975 Persae

234 1993 385 2025 magnam
411 1985 587 2018 Armeniae
613 1991 742 2030 partem
769 1986 977 2027 adimebant,
1007 1986 1224 2031 perpusillum
1245 1985 1400 2030 quiddam
1414 1985 1449 2019 in
1464 1997 1506 2020 ea
1523 1986 1683 2020 Romanis

235 2028 472 2071 possidendum
499 2030 736 2074 relinquentes.
781 2031 833 2065 his
847 2031 1097 2069 condicionibus
1112 2031 1226 2064 initum
1245 2031 1383 2072 foedus,
1406 2035 1442 2064 et
1456 2031 1684 2065 instrumentis

235 2072 391 2116 utrinque
420 2074 670 2117 consignatum,
694 2077 885 2110 facultatem
914 2077 1076 2110 Romanis
1100 2077 1230 2109 domum
1255 2076 1417 2125 redeundi
1435 2077 1611 2121 praebuit,
1633 2077 1683 2111 ita

234 2118 364 2161 quidem
395 2122 431 2151 ut
455 2118 633 2152 Persarum
659 2121 781 2156 finibus
802 2122 924 2156 nullum
940 2123 983 2155 ab
998 2122 1063 2155 illis
1078 2122 1308 2159 detrimentum
1330 2121 1530 2164 inferretur,
1552 2133 1615 2156 nec
1628 2122 1683 2156 vi÷

236 2162 343 2196 cissim
359 2163 517 2200 Persicae
535 2165 693 2199 Romanis
708 2166 849 2200 insidiae
862 2167 1092 2201 tenderentur.

328 2209 384 2242 32.
430 2208 655 2253 Posteaquam
680 2211 722 2243 ad
745 2213 829 2244 hanc
854 2213 1013 2246 historiae
1037 2216 1165 2257 partem
1180 2210 1330 2256 perveni,
1355 2210 1398 2245 ad
1414 2211 1588 2256 superiora
1602 2211 1682 2246 mihi

236 2257 388 2297 tempora
413 2264 591 2288 recurrere
614 2255 705 2288 subit
732 2262 767 2289 et
791 2257 952 2300 indagare
976 2269 1052 2291 num
1068 2259 1110 2294 ab
1127 2269 1165 2291 se
1181 2262 1279 2301 parta
1297 2256 1435 2290 Romani
1451 2267 1592 2301 unquam
1607 2257 1683 2291 aliis

237 2303 276 2331 ut
298 2299 474 2332 traderent
498 2300 663 2343 imperare
688 2300 752 2333 sibi
778 2303 968 2345 potuerint,
992 2308 1050 2336 aut
1072 2308 1110 2336 ut
1125 2303 1288 2336 haberent
1305 2302 1361 2339 alii
1377 2303 1550 2347 quicquam
1567 2313 1682 2336 eorum

237 2354 325 2387 quae
351 2345 452 2377 semel
476 2344 510 2378 in
531 2345 679 2388 ipsorum
704 2345 867 2380 dicionem
890 2348 1063 2382 venissent
1085 2347 1174 2392 passi
1189 2347 1324 2380 suerint.
1371 2359 1444 2381 nam
1459 2359 1531 2383 cum
1548 2348 1591 2382 L.
1610 2349 1682 2382 Lu*

237 2389 344 2422 cullus
369 2401 474 2433 regno
502 2389 687 2433 Tigranem
708 2390 1006 2436 mithridatemque
1031 2393 1226 2433 deiecisset,
1250 2403 1290 2425 ac
1310 2392 1433 2436 primus
1455 2393 1594 2437 imperio
1612 2393 1689 2426 Ro*

237 2445 335 2467 mazio
362 2434 445 2470 sitas
468 2434 512 2471 ad
532 2435 678 2469 intimam
702 2438 1016 2479 usquebArmeniam
1039 2438 1191 2481 regiones
1206 2437 1376 2481 ipsamque
1396 2443 1574 2482 praeterea
1588 2437 1683 2471 Nisi-s

238 2476 305 2513 bim
320 2479 555 2524 acquisivisset
570 2491 632 2513 una
653 2491 723 2513 cum
742 2481 887 2514 finitimis
903 2483 1008 2516 eidem
1024 2480 1181 2525 castellis,
1207 2483 1386 2526 Pompeius
1401 2484 1556 2526 Magnus,
1578 2483 1683 2517 rebus

238 2524 281 2563 ab
301 2525 365 2558 hoc
381 2525 552 2569 praeclare
568 2525 671 2568 gestis
685 2525 785 2559 finem
799 2526 992 2571 imponens,
1017 2540 1078 2572 per
1102 2527 1313 2561 constitutam
1336 2529 1377 2561 ab
1405 2539 1442 2561 se
1465 2539 1583 2572 pacem
1608 2528 1683 2560 Ro·-

239 2569 344 2603 manis
360 2571 475 2603 horum
491 2571 733 2614 possessionem
751 2572 920 2606 stabilivit.
967 2578 1085 2617 postea
1102 2584 1186 2606 vero
1201 2583 1297 2616 quam
1314 2573 1426 2606 Persis
1442 2583 1572 2606 rursum
1590 2584 1682 2606 com-

239 2614 337 2647 motis
359 2620 551 2658 praetorem
577 2627 701 2650 summa
723 2628 796 2650 cum
821 2622 992 2661 potestate
1008 2619 1166 2651 Crassum
1189 2623 1325 2650 senatus
1348 2622 1514 2658 creasset,
1536 2623 1637 2662 atque
1651 2618 1682 2651 is

239 2669 312 2691 cum
336 2660 433 2693 hoste
456 2672 654 2704 congressus
680 2662 813 2695 foedam
837 2663 870 2696 in
896 2663 983 2696 hunc
1005 2675 1111 2707 usque
1133 2663 1220 2695 diem
1235 2663 1395 2696 Romanis
1419 2663 1586 2696 infamiam
1602 2663 1681 2696 reli-

241 2703 369 2747 quisset
380 2731 391 2749 ,
409 2705 443 2740 in
458 2706 531 2751 ipso
546 2706 675 2755 proelio
691 2711 809 2753 captus
825 2712 860 2742 et
873 2708 960 2753 apud
974 2708 1100 2745 Persas
1121 2708 1305 2743 exstinctus
1315 2733 1326 2753 ‚
1350 2708 1519 2754 copiarum
1543 2708 1612 2743 dux
1626 2709 1681 2742 sa-
