1812 3016
431 95 871 141 communimus
895 94 1243 140 HISTORICUS.
1461 90 1561 140 409

231 218 274 258 p·
288 205 372 247 269
386 218 427 245 v.
445 208 486 248 8.
514 204 681 245 Arcadii
691 204 744 243 ad
759 206 1017 244 Aurelianum
1035 204 1159 257 praef.
1176 218 1236 256 pr.
1256 217 1303 242 ea
1321 203 1370 243 de
1390 218 1431 242 re
1444 218 1562 242 man·

122 260 261 300 datum
279 268 409 300 exstat
427 263 469 300 in
486 275 520 300 c.
541 261 700 300 Theod.
726 261 776 299 de
797 262 981 313 poenisl.
1005 265 1076 309 17,
1106 259 1168 299 his
1186 261 1339 299 verbis:
1372 261 1564 299 adhibitis

111 317 217 368 fiiis
230 318 458 356 custodibat
468 318 529 356 ad
539 319 712 369 prrum
722 318 895 355 insulem}
906 318 1169 369 perducatur,
1188 319 1232 355 in
1249 331 1331 370 qua
1349 325 1418 355 tua
1435 317 1563 355 subli-

123 375 243 413 ntitas
259 373 479 426 relegatum
497 388 577 412 esse
598 381 820 426 cog-twecat.
886 374 1031 412 Cellar.

233 428 289 467 ib.
318 433 446 472 v.12.
502 432 649 482 pariter
674 429 961 481 Philostorgius
985 429 1063 482 (11
1096 428 1149 479 6)
1180 444 1453 481 perempturos·
1482 425 1564 470 α’πό

123 480 296 538 Κόκρου
316 485 485 538 γίνεται,
514 493 554 524 et
572 492 661 537 post
680 482 756 536 τὴν
775 484 955 538 κεφαλήν
976 483 1214 538 ἀφαιρεῖται.
1277 486 1422 524 Cellar.

231 553 274 592 Ρ.
294 544 378 583 270
394 553 436 579 v.
455 542 521 582 19.
579 540 780 593 epitheton
801 540 914 590 ὁσίας
941 543 989 580 ab
1010 542 1140 580 aliena
1168 555 1289 579 manu
1320 541 1386 580 hic
1410 543 1566 580 illatum

123 609 209 635 esse
228 595 354 635 videri
371 604 524 648 potest:
551 610 646 635 nam
666 596 717 635 ad
733 605 907 636 mentem
924 600 1073 637 Zosimi
1090 600 1234 650 pagani
1250 597 1421 636 hominis
1435 600 1566 636 notio-

122 664 217 690 nem
233 654 496 691 venerationis
516 652 662 692 habere
679 656 831 706 nequit,
860 668 991 707 neque
1010 667 1100 692 cum
1121 668 1194 692 usu
1214 653 1403 706 loquendi
1421 667 1567 692 conve-

120 709 196 746 nit.
251 708 513 757 sozomenus,
553 716 591 747 et
611 711 679 762 qui
704 708 753 747 de
773 723 819 748 eo
838 712 988 762 templo
1009 711 1180 762 plurima
1198 709 1354 748 disserit
1373 712 1567 761 Evagrius

121 762 242 858 §⁰33
254 763 352 858 ,diig
366 777 565 818 nusquam
582 772 792 818 usurpant,
822 773 861 804 et
878 769 1070 818 posterior
1084 765 1349 818 Euphemiam
1369 768 1568 821 noevoeyiav

336 822 381 858 'h
438 837 443 840 .

233 888 275 927 p.
290 879 365 918 271
389 889 429 914 v.
449 875 490 917 4.
518 877 744 918 Socratesfi
771 878 797 917 6
821 884 860 914 et
876 877 1119 916 sozomenus
1138 879 1165 919 8
1192 876 1221 919 4
1245 878 1458 916 Saturnini
1475 884 1567 916 tan-

123 937 210 969 tum
223 938 263 970 et
277 932 497 970 Aureliani
516 934 758 970 mentionem
773 933 936 971 faciunt.

232 986 286 1025 ib.
307 1000 348 1025 v.
372 990 436 1028 12.
492 987 743 1041 δορυφόρων.
799 988 881 1027 vid.
901 990 1056 1027 Comm.
1078 987 1173 1027 adl.
1192 990 1217 1030 3
1238 1002 1272 1027 c.
1290 987 1372 1027 Th.
1394 987 1446 1027 ad
1465 990 1564 1041 Leg.

122 1042 240 1081 Corn.
262 1042 312 1081 de
329 1044 443 1082 sicar.
462 1057 504 1081 ιι.
521 1046 562 1085 8.
617 1045 761 1082 Riuer.

232 1098 287 1137 ib.
311 1112 351 1137 v.
374 1100 438 1140 17.
495 1098 545 1137 de
562 1100 776 1138 rebellione
795 1101 944 1138 Gainae
959 1099 1040 1139 vid.
1060 1101 1239 1139 Socrates
1257 1101 1283 1140 6
1307 1102 1346 1149 6,
1375 1100 1564 1139 Sozome-

122 1166 199 1194 nns
218 1156 246 1196 8
273 1154 314 1204 4,
344 1154 619 1194 Theodoretus
636 1156 663 1197 5
692 1159 744 1198 32
763 1169 870 1208 ιαμ
902 1158 951 1194 cf.
969 1156 1255 1207 philostorgius
1276 1161 1323 1198 11
1354 1159 1395 1199 8.

232 1209 288 1248 ib.
311 1224 351 1249 v.
367 1214 438 1253 20.
493 1211 658 1249 traditae
681 1225 703 1249 a
723 1213 883 1250 Socrate
905 1220 944 1251 et
960 1214 1179 1251 Sozomeno
1202 1225 1355 1261 causae,
1385 1226 1455 1250 our
1467 1213 1565 1250 Gai-

121 1277 195 1304 nas
215 1266 356 1304 urbem
378 1280 557 1318 egressus
573 1269 647 1317 sit,
682 1269 815 1306 minus
840 1269 1062 1320 probabiles
1092 1276 1184 1308 sunt
1212 1282 1332 1322 quam
1352 1282 1398 1307 ea
1420 1282 1522 1322 quae
1541 1282 1565 1307 a

121 1323 282 1361 Ζοιίιιιο
298 1322 488 1375 proditur.
546 1348 550 1350 -

233 1391 276 1430 p.
293 1381 377 1421 272
394 1392 435 1417 v.
453 1379 494 1421 5.
550 1379 714 1417 testibus
743 1379 904 1418 Socrate
938 1387 977 1419 et
995 1381 1215 1419 Sozomeno
1236 1378 1454 1418 nefandum
1471 1380 1567 1417 bar·

122 1432 307 1472 bns-orum
323 1436 531 1473 consilium
548 1437 688 1483 armis,
718 1447 820 1487 quae
838 1436 933 1474 urbe
949 1444 1140 1475 exeuntes
1161 1438 1311 1475 occulte
1329 1449 1466 1474 secum
1486 1436 1567 1473 fer-

122 1496 222 1539 rent,
251 1490 534 1530 animadversis
551 1491 742 1529 nudatum
760 1491 849 1529 fuit.

233 1559 276 1598 Ρ.
294 1549 375 1589 273
398 1561 437 1585 v.
463 1551 526 1589 16.
583 1546 1005 1589 vid.c01nm.ad13
1025 1561 1060 1585 ο.
1083 1546 1165 1586 Th.
1188 1545 1240 1585 ad
1260 1549 1358 1598 Leg.
1380 1548 1498 1584 Corn.
1518 1546 1567 1584 de

119 1601 237 1640 sicar.
252 1615 298 1639 n.
320 1604 360 1642 9.
418 1603 562 1641 Ruta.

123 1680 126 1682 Δ
233 1656 290 1695 ih.
310 1671 350 1695 v.
373 1661 439 1700 18.
495 1657 734 1708 Philostorg.
760 1659 790 1695 1.
816 1671 852 1694 c.
882 1657 931 1695 de
956 1659 1115 1696 Fraiuto
1142 1659 1220 1696 ait·
1253 1653 1405 1706 Γότθος
1429 1656 1502 1711 μὲν
1524 1656 1569 1700 τὸ

121 1710 256 1766 γένος,
277 1710 427 1763 ’Έλλην
447 1711 491 1753 δε
510 1711 583 1764 τήν
602 1710 739 1761 δόξαν.
800 1714 945 1751 Cellar.

233 1767 290 1806 ib.
311 1782 351 1806 v.
373 1772 443 1810 22.
500 1769 671 1806 latrones
691 1768 809 1806 hosce
832 1771 953 1808 fuisse
974 1772 1151 1816 Hunnos,
1181 1769 1328 1806 Rilteri
1353 1769 1391 1819 (⁸
1381 1783 1422 1807 ιιι
1440 1783 1568 1821 marg.

122 1823 233 1874 not.)
258 1827 452 1863 sententia
475 1832 557 1872 est,
603 1826 666 1862 cui
691 1824 974 1876 adstipulantes
1002 1826 1181 1862 nominat
1210 1824 1498 1863 Gothofredum
1526 1828 1569 1863 in

122 1880 279 1920 comm.
297 1880 350 1918 ad
369 1882 402 1918 l.
419 1881 474 1922 34
494 1894 529 1918 c.
550 1879 631 1919 Th.
662 1880 711 1918 de
737 1894 846 1933 oper.
873 1883 984 1933 publ.
1006 1889 1045 1919 et
1062 1883 1231 1931 Pagium
1251 1880 1302 1918 ad
1321 1894 1358 1919 a.
1379 1883 1460 1923 395
1478 1883 1566 1919 init.

123 1938 222 1974 tomi
245 1939 287 1977 2.

234 2005 276 2043 Ρ.
296 1991 379 2034 274
395 2005 436 2029 v.
459 1993 527 2033 12.
583 1992 841 2029 memorabile
861 1998 932 2040 est,
957 1990 1064 2044 qnod
1081 2005 1212 2030 rernm
1228 1993 1386 2044 imperii
1408 2006 1454 2030 ea
1471 1994 1568 2032 sub-

124 2054 258 2085 secuta
279 2057 363 2085 erat
381 2049 609 2096 attenuatio,
639 2055 683 2085 ut
700 2061 751 2084 ne
773 2050 946 2085 triremes
967 2047 1129 2100 quidem
1144 2055 1231 2085 tum
1256 2048 1452 2087 aedificari
1473 2063 1569 2100 pos-

124 2110 227 2140 sent.
283 2106 352 2155 qui
370 2117 506 2142 recens
528 2111 587 2141 est
610 2117 631 2141 a
649 2104 808 2155 Polybii
824 2104 1014 2152 lectione,
1053 2106 1195 2155 poterit
1214 2105 1313 2142 forte
1339 2107 1567 2143 meminisse

123 2159 259 2196 locum
271 2159 340 2196 ubi
358 2161 426 2197 ille
442 2161 491 2197 de
507 2159 711 2197 hex-eribus·
732 2162 826 2210 agit.
883 2162 923 2197 in
945 2160 1050 2198 bello
1067 2174 1156 2198 cum
1168 2162 1310 2199 Poenis
1328 2163 1568 2213 quinquere-

124 2215 256 2253 mibus
277 2223 387 2252 erant
407 2218 579 2253 contenti
598 2217 780 2253 Romani.
836 2229 875 2253 v.
892 2216 1031 2267 Polyb.
1054 2219 1072 2256 1
1103 2220 1157 2258 20
1187 2224 1225 2253 et
1253 2219 1320 2257 63.
1357 2218 1418 2254 H.

237 2283 278 2322 Ρ.
296 2272 377 2313 275
394 2285 432 2309 v.
459 2271 523 2312 14.
554 2270 806 2322 cogitandum
827 2279 886 2310 est
906 2271 955 2309 de
974 2271 1222 2324 rapidissimo
1239 2271 1435 2310 undarum
1456 2285 1572 2310 cursu

126 2326 169 2364 in
185 2325 286 2364 freto
303 2328 563 2378 Hellesponti.
600 2301 671 2365 t'cil
691 2340 778 2396 ιιιΡ.
800 2327 851 2365 ad
867 2342 908 2379 Ρ.
927 2330 981 2369 89
1011 2331 1079 2369 21.
1135 2329 1197 2365 H.

189 2408 193 2410 -
237 2395 279 2432 Ρ.
300 2385 381 2424 276
399 2397 437 2422 v,
455 2386 495 2424 9.
552 2386 634 2432 τοῖς
656 2380 755 2436 παρ’
784 2381 911 2425 αὐτοῦ
935 2383 1190 2436 τιμωμένοιςς
1220 2396 1312 2434 ergo
1341 2383 1384 2424 οἱ
1404 2396 1573 2435 τιμωμε-

126 2451 194 2478 νοι
210 2438 399 2486 absolute,
427 2452 498 2490 pro
517 2440 558 2479 οἱ
573 2439 692 2480 θεοί-7
746 2440 808 2478 H-

238 2493 294 2530 ib.
316 2507 355 2531 v.
378 2497 443 2535 15.
499 2495 610 2532 fuere
635 2507 735 2533 coss.
762 2508 798 2534 a.
823 2494 904 2536 401
934 2495 1164 2533 Vincentius
1195 2502 1234 2532 et
1259 2494 1458 2538 Fravitta,
1488 2505 1571 2541 seu,

124 2555 173 2586 -nt
189 2550 322 2587 verius
340 2551 485 2600 legitur
496 2580 508 2599 ,
536 2549 779 2589 Fravviuus.
838 2550 945 2588 unde
963 2551 1070 2602 apud
1086 2557 1263 2588 nostrum
1282 2547 1572 2586 emendandum

127 2602 286 2642 videtur
304 2602 552 2655 Φραούῖτος,
581 2614 624 2644 ut
645 2606 751 2658 apud
769 2607 972 2645 Socratem
993 2610 1018 2648 6
1047 2610 1073 2647 6
1101 2607 1309 2657 Φραυΐτος.
1340 2606 1402 2641 H·

237 2672 279 2710 p·
299 2663 381 2702 277
399 2674 439 2699 v.
462 2665 526 2703 12.
584 2662 847 2714 adstipulatur
870 2664 1028 2700 Zosimo
1057 2660 1345 2712 Philostorgius
1366 2661 1396 2697 l.
1422 2673 1456 2697 c.
1476 2660 1573 2697 Gai-

129 2726 226 2751 nam
245 2715 293 2752 ab
315 2717 469 2755 Hunnis
496 2716 645 2758 victum
670 2731 908 2771 caesumque
936 2731 1021 2758 esse
1033 2747 1044 2767 ‚
1076 2718 1256 2756 Socrates
1275 2730 1368 2755 vero
1388 2723 1428 2754 et
1447 2716 1573 2756 Sozo-
