1812 3016
274 84 382 129 250·
901 85 1095 131 ZOSIMI

272 198 392 251 μένου
418 199 492 239 τοῦ
522 191 665 252 δήμου.
732 192 890 240 πάντων
919 199 963 240 δὲ
993 202 1043 254 τῇ
1067 196 1277 255 Ῥουφίνου
1306 201 1433 243 ταῦτα
1460 186 1712 253 δοθήσεσθαι

273 266 446 321 θυγατρὶ
465 295 476 308 .
492 295 503 307 .
518 296 530 307 .
547 267 614 307 καὶ
634 264 1043 322 συμπαρατρεχόντων
1060 273 1142 316 τοῖς
1158 269 1346 322 φορεῦσιν
1354 298 1368 317 ,
1401 266 1532 319 ἐπειδὴ
1551 264 1710 321 προϊόν-

274 350 337 382 τες
357 333 532 388 ἐγένοντο
553 338 624 387 τῆς
643 331 873 388 Προμώτου
895 335 1060 388 πλησίον
1080 335 1218 384 οἰκίας,
1256 331 1435 389 εἰσῄεσάν
1450 350 1490 376 τε
1511 333 1612 386 μετὰ
1633 336 1711 375 τῶν

276 399 398 442 ἴὸνων
431 402 497 442 καὶ
531 399 745 450 ἀποὸόντες
779 406 830 457 τῇ
860 402 970 458 παρὰ
1000 406 1057 458 τῷ
1089 399 1318 456 Προμώτου
1351 402 1463 443 παιδὶ
1489 400 1710 456 τρεφομένῃ

275 468 465 525 παρθένῳ
485 468 557 523 τὴν
575 472 633 526 τῷ
654 472 817 522 βασιλεῖ
841 477 1031 511 συνοικεῖν
1055 470 1280 522 μέλλουσαν
1305 467 1467 518 ἔδειξαν.
1534 466 1660 516 οὕτως
1689 465 1743 508 ὅ5

270 534 478 592 Ῥουφῖνος
505 540 575 590 τῆς
606 538 764 586 ἐλπίδος
792 536 1101 594 ἀποκρουσθείς,
1136 536 1269 590 ἐπειδὴ
1298 539 1558 578 συνοικοῦσαν
1588 533 1711 588 ἄλλην

274 602 403 660 ἑώρα,
431 603 477 646 τὸ
497 603 725 658 λειπόμενον
745 603 898 646 ἐσκόπει
911 636 923 656 ,
958 610 1042 654 πῶς
1059 604 1107 646 ἂν
1126 606 1192 646 καὶ
1211 604 1278 645 τὸν
1294 601 1517 659 Εὖτρόπιον
1535 601 1711 644 ἐκποδὼν

271 670 460 726 ποιήσειε.
527 673 595 715 καὶ
634 671 691 715 τὰ
723 672 796 726 μὲν
832 670 909 716 ὑπὸ
945 672 1018 727 τὴν
1049 672 1259 728 Ἀρκαόίου
1297 672 1504 725 βασιλείαν
1540 671 1582 712 ἐν
1616 666 1711 712 τού-

270 755 354 790 τοις
378 734 439 793 ἦν.

129 827 160 851 a.
182 816 248 853 398
407 804 453 851 4.
520 806 719 859 Στελίχων
752 807 795 849 δὲ
821 810 892 861 τῆς
923 805 1026 848 κατὰ
1047 806 1119 861 τὴν
1142 804 1311 862 ἑσπέραν
1329 805 1535 859 βασιλείας
1553 803 1707 858 ἓπιτρο-4
1724 805 1768 841 10

269 872 400 916 πεύων
423 873 608 915 ἐκδίδωσι
629 874 729 930 πρὸς
745 873 874 930 γάμον
887 872 1065 930 Ὅνωρίῳ
1091 878 1148 931 τῷ
1166 877 1330 927 βασιλεῖ
1343 873 1415 927 τὴν
1437 872 1514 914 ἀπὸ
1535 868 1713 926 Σερήνας

275 937 400 985 οὖσαν
429 941 538 998 αὐτῷ
565 943 795 998 θυγατέρα·
830 939 986 997 Σερήνα
1008 942 1050 983 δὲ
1069 936 1118 996 ἦν
1137 948 1229 991 παῖς
1243 939 1458 996 Ὁνωρίου,
1493 938 1536 988 ὃς
1561 938 1713 981 &2060-

275 1011 349 1067 σίῳ
369 1013 428 1066 τῷ
446 1013 526 1051 τῶν
544 1007 836 1062 βασιλευόντων
856 1011 976 1064 πατρὶ
999 1010 1152 1064 γέγονεν
1178 1006 1374 1065 cidaqugl
1429 1004 1638 1063 ὀχυρώσας
1671 1004 1713 1048 δὲ

274 1083 323 1134 τῇ
342 1077 440 1133 πρὸς
464 1076 532 1119 τὸν
547 1078 718 1130 βασιλέα
738 1079 876 1136 κηδείᾳ
896 1077 967 1130 τὴν
989 1076 1156 1130 δύναμιν
1166 1109 1179 1128 ,
1213 1078 1280 1119 καὶ
1299 1075 1429 1125 ἄλλως
1449 1074 1554 1116 ἅπαν
1571 1071 1714 1126 σχεδὸν

274 1146 320 1188 τὸ
343 1143 550 1198 Ῥωμαίων
577 1143 844 1201 στρατόπεδον
870 1143 1046 1198 ὗπήκοον
1067 1143 1163 1198 εἶχε·
1190 1141 1492 1198 τελευτήσαντος
1514 1141 1589 1197 γὰρ
1611 1139 1712 1194 μετὰ
1726 1140 1766 1178 15

275 1213 348 1267 τὴν
374 1213 563 1267 Εὐγενίου
592 1214 829 1269 καθαίρεσιν
855 1213 895 1254 ἓν
914 1213 1062 1271 Ἰταλία
1087 1213 1304 1254 Θεοδοσίου
1330 1209 1549 1267 στρατηγὸς
1570 1207 1625 1250 ὢν
1643 1211 1715 1250 τοῦ

275 1280 423 1329 παντὸς
442 1278 739 1335 στρατεύματος
758 1279 779 1322 ὅ
803 1281 1000 1333 Στελίχων
1011 1311 1026 1331 ,
1060 1280 1102 1324 εἴ
1115 1298 1152 1323 τι
1174 1279 1340 1322 δυνατὸν
1365 1278 1487 1321 αὐτοῦ
1507 1277 1573 1319 καὶ
1595 1278 1709 1319 πολε-

276 1346 501 1401 μικώτατον
523 1341 573 1400 ἦν
584 1379 597 1398 ,
631 1352 748 1389 τοῦτο
772 1349 959 1400 κατέσχε,
994 1347 1039 1389 τὸ
1061 1348 1105 1388 δὲ
1125 1346 1370 1400 ἅπεσκληκὸς
1394 1347 1460 1387 καὶ
1487 1341 1714 1397 ἀπόβλητον

273 1421 419 1470 χωρεῖν
449 1415 512 1456 ἐπὶ
542 1414 615 1468 τὴν
643 1413 747 1472 ἑῴαν
780 1415 901 1471 ἠφίει.
968 1415 1036 1456 καὶ
1063 1419 1190 1457 ταῦτα
1217 1414 1396 1464 διαθείς,
1430 1411 1529 1466 ἔχων
1553 1428 1592 1456 τε
1614 1409 1714 1465 πρὸς

270 1481 479 1539 Ῥουφῖνον
509 1481 677 1536 ἓγκότως
709 1480 775 1524 οἷα
804 1481 971 1535 δύναμιν
1000 1482 1109 1539 αὐτῷ
1139 1482 1375 1538 ἀντίρροπον
1395 1479 1497 1522 κατὰ
1517 1478 1588 1533 τὴν
1610 1475 1769 1534 ἔῴανὲο

273 1549 374 1603 ἔχειν
403 1547 672 1602 βουλόμενον,
707 1548 762 1600 ὥς
784 1548 994 1605 Ἀρκάδων
1025 1550 1123 1591 ἴέναι
1153 1551 1355 1599 διενοεῖτο,
1392 1550 1587 1591 διαθεῖναι
1618 1544 1710 1586 κατ’

272 1619 455 1668 ἐξουσίαν
494 1618 561 1660 καὶ
592 1617 643 1662 τὰ
671 1618 765 1661 κατ’
801 1619 943 1661 ἐκεῖνον
975 1618 1143 1660 ἐθέλων·
1187 1615 1290 1672 ἔλεγε
1319 1616 1394 1672 γὰρ
1423 1611 1714 1670 ἐπιτετράφθαι

359 1746 383 1780 2
406 1748 484 1790 post
505 1743 664 1788 θυγατρὶ
688 1744 784 1778 deest
804 1744 1027 1788 νομιζόντων
1046 1745 1102 1779 vel
1120 1744 1225 1779 simile
1240 1742 1418 1789 quodpiam
1435 1741 1654 1787 participium.
1676 1741 1712 1774 S.

363 1793 406 1824 12
437 1789 650 1833 θυγατέρα]
676 1791 838 1824 Mariam.
884 1791 953 1824 vid.
980 1802 1011 1825 c.
1037 1793 1088 1825 12.
1271 1791 1314 1825 17
1335 1800 1397 1835 pro
1419 1785 1713 1831 πολεμικώτατον

361 1835 473 1879 aptius
497 1837 642 1871 fortasse
664 1835 811 1881 legemus
833 1835 1006 1880 πολέμοις
1029 1833 1219 1880 ἁρμόδιον.
1242 1835 1281 1871 S.

267 1948 335 1979 tem
362 1946 513 1979 omnibus
539 1946 621 1978 haec
648 1945 763 1978 Rufini
788 1945 878 1978 filiae
897 1945 1010 1979 datum
1025 1945 1086 1986 iri,
1110 1950 1144 1979 et
1158 1946 1231 1980 illos
1247 1944 1479 1979 comitantibus
1495 1942 1551 1988 qui
1567 1954 1607 1976 ea
1619 1943 1711 1977 fere-

267 1992 368 2032 bant,
392 1991 449 2024 ubi
474 1990 716 2034 progrediendo
733 1991 870 2035 propius
892 1991 933 2025 ad
952 1991 1102 2026 Promoti
1120 1992 1248 2024 domum
1265 1990 1503 2029 accessissent,
1527 2000 1599 2022 cum
1615 1987 1712 2020 donis

268 2037 354 2070 haue
383 2036 591 2079 sponsaliciis
622 2034 772 2076 intrant,
797 2035 912 2079 eisque
936 2037 1068 2080 puellae
1088 2036 1208 2080 virgini
1231 2035 1364 2069 traditis
1388 2045 1472 2078 quae
1497 2034 1585 2078 apud
1607 2033 1711 2068 filium

267 2081 420 2116 Promoti
448 2081 673 2122 educabatur,
712 2091 875 2123 quaenam
906 2081 1065 2126 prinpris
1091 2082 1205 2117 futura
1228 2080 1347 2114 coniux
1370 2083 1460 2112 esset
1478 2079 1708 2113 ostenderunt.

269 2126 333 2159 hoc
348 2125 444 2161 modo
461 2125 603 2159 Rufinus
619 2135 680 2169 spe
694 2135 755 2158 sua
770 2125 933 2166 deiectus,
956 2126 1011 2170 qui
1029 2126 1127 2161 aliam
1143 2138 1216 2159 cum
1233 2125 1382 2170 principe
1397 2129 1531 2169 nuptam
1546 2127 1711 2164 cerneret,

270 2171 361 2215 quod
377 2170 536 2214 reliquum
553 2174 628 2202 erat
642 2169 850 2213 dispiciebat,
875 2181 941 2214 qua
957 2172 1013 2204 via
1028 2171 1227 2216 Eutropium
1242 2181 1373 2215 quoque
1387 2169 1429 2203 de
1444 2169 1551 2203 medio
1566 2169 1711 2203 tolleret.

270 2215 499 2250 etArcadiani
515 2215 645 2258 quidem
660 2214 790 2259 imperii
806 2226 860 2248 res
875 2215 908 2249 in
924 2217 985 2249 hoc
999 2221 1089 2250 statu
1105 2220 1210 2253 erant.

360 2261 395 2296 4.
442 2260 589 2295 Stelicho
619 2271 699 2292 vero
711 2286 721 2302 ‚
753 2260 809 2303 qui
835 2261 930 2304 regni
961 2261 1175 2297 occidentalis
1206 2271 1317 2294 curam
1346 2259 1487 2303 gerebat
1500 2286 1510 2303 ‚
1555 2257 1708 2293 Honorio

272 2305 416 2351 principi
430 2306 547 2346 filiam,
572 2315 668 2348 quam
685 2312 881 2348 susceperat
899 2318 940 2339 ex
956 2307 1102 2347 Serena,
1135 2305 1340 2340 matrimonio
1357 2305 1499 2348 copulat.
1545 2309 1580 2337 et
1604 2304 1710 2337 istaec

273 2353 405 2385 Serena
432 2350 502 2384 filia
532 2354 605 2382 erat
636 2349 797 2392 Honorii,
829 2350 884 2393 qui
915 2350 1099 2385 Theodosii
1125 2351 1309 2396 principum
1337 2349 1482 2394 parentis
1505 2350 1610 2383 frater
1630 2348 1708 2383 fuit.

273 2395 472 2430 communita
486 2406 568 2428 vero
585 2405 646 2439 per
660 2394 868 2437 imperatoris
884 2395 1077 2430 affinitatem
1093 2396 1263 2440 potentia,
1287 2394 1481 2438 ceteroquin
1503 2394 1604 2428 etiam
1627 2404 1708 2438 pro-

272 2441 446 2487 pemodum
475 2440 650 2474 universas
681 2439 904 2473 Romanorum
929 2441 1042 2485 copias
1069 2441 1132 2474 sibi
1153 2441 1321 2474 subiectas
1341 2441 1497 2474 habebat.
1545 2449 1618 2472 nam
1635 2449 1708 2472 cnm

270 2493 352 2530 post
376 2486 541 2519 deiectum
564 2483 700 2529 imperio
726 2484 910 2527 Eugenium
925 2485 1138 2520 Theodosius
1152 2486 1185 2518 in
1201 2485 1299 2518 ltalia
1314 2485 1414 2518 rebus
1430 2484 1576 2518 humanis
1591 2495 1708 2517 exces-

269 2532 386 2573 sisset,
412 2531 562 2564 Stelicho
573 2557 582 2570 ,
604 2528 661 2574 qui
677 2528 742 2563 dux
758 2529 860 2562 totius
885 2530 1050 2564 exercitus
1067 2535 1160 2572 erat,
1182 2530 1429 2563 robustissimos
1446 2533 1482 2562 et
1494 2527 1707 2562 bellicosissi-

268 2588 339 2611 mos
363 2587 513 2619 quosque
537 2575 656 2610 milites
672 2573 735 2608 sibi
749 2573 947 2616 retinuerat,
972 2576 1098 2608 viribus
1115 2575 1295 2609 exhaustos
1312 2579 1347 2608 et
1362 2574 1518 2608 reiiculos
1532 2573 1566 2606 in
1582 2572 1707 2606 Orien-

267 2625 334 2655 tem
357 2621 526 2664 ablegans.
579 2620 629 2653 bis
651 2619 698 2652 ita
721 2619 930 2661 constitutis,
954 2631 1026 2653 cum
1043 2620 1164 2653 Rufino
1181 2625 1412 2659 succenseret,
1432 2618 1490 2662 qui
1505 2622 1706 2663 potestatem

267 2677 350 2699 suae
377 2677 492 2709 parem
515 2677 575 2709 per
599 2664 772 2698 Orientem
797 2662 920 2697 habere
944 2665 1065 2704 vellet,
1089 2665 1132 2699 ad
1147 2665 1325 2698 Arcadium
1341 2663 1504 2708 proficisci
1522 2663 1706 2707 cogitabat,

269 2710 407 2756 cupiens
423 2716 459 2745 et
471 2710 559 2746 iuius
572 2720 628 2745 res
642 2720 704 2756 pro
720 2708 828 2743 lubitu
843 2720 903 2744 suo
920 2709 1106 2756 disponere.
1152 2709 1278 2756 quippe
1301 2709 1435 2743 dicebat
1456 2709 1499 2742 ab
1513 2707 1706 2742 Theodosio
