1812 3016
283 99 381 148 340
828 100 1186 145 REITEMEIERI

396 223 437 262 p.
456 209 509 252 43
528 223 567 248 v.
593 211 657 251 12.
714 205 929 261 ἀτείχιστος
947 205 1150 262 πρότερον.
1188 221 1269 247 non
1289 209 1383 248 satit
1398 216 1576 248 accurate
1594 208 1639 248 id
1660 207 1726 247 di·-

286 274 414 306 ctum:
444 279 537 303 nam
559 266 606 303 ab
620 265 834 303 Aureliano
852 280 931 303 non
953 267 1126 317 primum
1143 266 1238 303 facti
1256 266 1365 304 urbis
1383 267 1507 315 muri,
1544 266 1616 304 sed
1634 273 1725 304 tan-

285 331 372 361 tum
391 324 568 373 ampliati
586 329 688 360 sunt.
745 323 899 372 Vopisc.
924 323 1058 359 Aurel.
1078 323 1130 362 21
1151 329 1190 359 et
1211 322 1295 359 alii.

396 389 450 426 ib.
475 403 513 426 v.
533 391 599 430 16.
657 401 710 426 ex
731 390 899 439 Vopisco
919 387 1024 438 (vita
1046 388 1249 425 Aureliani
1266 401 1301 425 c.
1321 388 1403 439 39)
1422 387 1586 425 Daciam
1604 386 1727 425 disci-

287 458 375 483 mus
395 446 636 497 provinciam
654 445 962 482 transistrianam
976 473 986 490 ,
1018 457 1070 480 ex
1089 456 1166 495 quo
1186 445 1381 481 Traianus
1398 457 1486 481 eam
1507 456 1726 495 occupave-

288 509 347 539 rat
360 531 370 550 ‚
401 516 423 538 a
443 502 629 538 Romanis
652 508 844 538 servatam
858 529 868 548 ‚
907 513 1010 536 nunc
1030 500 1077 536 ab
1100 500 1332 547 Aureliano,
1363 498 1593 551 desperante
1610 512 1726 550 posse

288 571 377 594 eam
408 558 565 594 retineri
592 563 630 594 et
661 555 841 602 defendi,
881 554 1109 592 derelictam
1135 562 1174 592 et
1192 555 1445 592 barbarorum
1462 556 1607 592 factam
1625 568 1726 592 esse.

288 626 389 665 quae
413 627 472 650 res
491 614 663 659 Zoshno,
684 613 839 664 imperii
861 610 1108 648 decrementa
1129 618 1168 648 et
1185 612 1475 662 provinciannn
1496 611 1726 649 amissiones

286 671 490 720 scripturo,
520 682 600 705 nou
616 670 734 719 plane
749 666 964 705 omittenda
981 674 1075 704 erat.

393 749 432 786 p.
460 733 512 774 45
534 747 573 771 v.
595 734 661 774 11.
718 733 798 771 vid.
818 734 995 771 Valesius
1016 732 1067 770 ad
1083 734 1301 772 Marcellin.
1326 732 1377 775 14
1405 733 1432 775 5
1456 739 1495 771 et
1511 729 1726 770 Godofred.

283 790 336 829 ad
358 792 386 828 l.
406 791 478 827 ult.
501 791 544 826 C.
564 789 645 827 Th.
668 789 717 827 de
736 791 879 827 infirm.
902 789 943 827 h.
963 802 1065 841 qnae
1085 791 1156 827 sub
1175 797 1331 842 tyrann.
1360 789 1505 827 Ritter.

396 855 451 892 ib.
476 869 514 892 v.
539 856 604 895 17.
661 852 832 905 Δάφνης
854 858 928 895 τοῦ
946 857 1193 905 προαστείου.
1250 856 1300 894 de
1329 870 1375 894 eo
1404 857 1483 893 late
1509 852 1726 892 Godofred.

285 910 338 949 ad
353 912 383 948 1.
405 915 430 952 2
452 912 495 948 C.
514 910 593 948 Th.
615 909 664 948 de
681 910 914 962 aquaeduct.
935 919 972 949 et
985 913 1150 951 Casanb.
1167 911 1219 950 ad
1235 910 1378 964 script.
1397 913 1544 950 Hister.
1561 913 1665 962 Aug.
1686 917 1726 947 et

284 968 473 1005 Metellus
492 965 543 1003 ad
558 967 791 1004 Strabonem
815 969 878 1008 16.
936 969 1080 1006 Riller.

394 1046 433 1084 p.
456 1032 509 1074 46
529 1045 567 1070 v.
591 1035 655 1075 17.
711 1034 967 1071 memorabile
987 1042 1057 1082 est,
1088 1033 1195 1086 quod
1212 1035 1282 1087 qui
1300 1049 1346 1072 ex
1365 1033 1598 1072 Palaestina
1614 1032 1727 1071 missi

283 1096 388 1138 sunt,
411 1096 571 1139 praeter
592 1102 700 1126 arma
724 1096 851 1127 cetera
868 1089 1005 1128 clavas
1021 1099 1057 1127 et
1063 1092 1198 1142 fies-tes
1222 1104 1356 1129 secum
1377 1090 1558 1127 afferunt.
1603 1091 1665 1127 H.

395 1169 435 1206 p.
453 1154 505 1195 49
524 1169 563 1192 V.
587 1157 652 1196 18.
708 1156 765 1204 εἷς
785 1158 916 1210 κρίσιν
942 1155 1065 1211 ἤγαγε
1085 1159 1301 1211 Ζηνοβίαν.
1358 1155 1466 1209 quod
1486 1156 1661 1194 Zenobia
1683 1156 1725 1192 in

283 1210 477 1250 iudicium
497 1209 639 1249 adduci
666 1214 814 1263 potuit,
861 1226 960 1265 quae
982 1228 1042 1251 res
1061 1228 1131 1264 per
1149 1228 1190 1252 se
1211 1213 1262 1251 ad
1280 1220 1433 1251 nostros
1455 1225 1592 1251 sensus
1609 1210 1726 1249 valde

282 1269 384 1305 mira
405 1273 485 1314 est,
524 1270 699 1305 maxime
725 1271 960 1319 pertinuisse
987 1269 1208 1321 putandum
1235 1269 1287 1308 ad
1310 1270 1570 1320 pervicaciam
1590 1269 1634 1305 in
1661 1281 1726 1304 re-

283 1321 444 1360 nuenda
472 1321 671 1360 deditione
707 1331 745 1361 et
776 1324 827 1361 ad
854 1326 1041 1376 superbas
1067 1327 1222 1375 literas,
1270 1338 1368 1378 quas
1398 1324 1450 1362 ad
1467 1324 1726 1363 Aurelianum

282 1379 505 1429 scripserat.
562 1392 600 1416 v.
624 1381 778 1430 Vopisc.
802 1382 854 1420 26
883 1383 950 1422 27.
979 1417 983 1421 ,
1008 1383 1069 1418 H.

394 1432 448 1470 ib.
473 1447 511 1471 v.
533 1436 601 1474 22.
656 1436 882 1486 Longinum
902 1434 1203 1487 philosophum,
1242 1449 1321 1488 quo
1342 1436 1529 1487 magistro
1552 1434 1727 1472 Zenobia

280 1490 325 1528 in
349 1489 473 1527 liter1s
504 1490 661 1528 Graecis
690 1504 761 1529 usa
789 1492 936 1540 fuerat,
974 1493 1211 1530 Aurelianus
1241 1491 1330 1530 ideo
1357 1492 1499 1530 dicitur
1523 1491 1726 1539 occidisse,

281 1544 391 1598 quod
417 1545 619 1596 superbior
645 1547 715 1583 illa
741 1547 906 1597 epistola
926 1549 1122 1585 Zenobiae
1145 1547 1196 1585 ad
1211 1549 1471 1585 Aurelianum
1490 1547 1629 1600 (quam
1645 1548 1727 1585 Vo-

279 1603 412 1652 piscus
442 1614 475 1638 c.
506 1603 561 1642 27
591 1600 778 1652 exhibet)
810 1604 934 1653 ipsius
954 1602 1147 1641 diceretur
1165 1603 1308 1641 dictata
1328 1605 1508 1650 consilio,
1546 1603 1726 1655 quamvis

281 1658 383 1710 Syro
407 1664 510 1694 esset
527 1670 707 1694 sermone
724 1664 922 1696 contexta.
978 1661 1135 1710 Vopisc.
1154 1661 1290 1697 Aurel.
1310 1673 1344 1698 c.
1364 1663 1432 1702 30.
1467 1659 1612 1697 Cellar.

393 1725 434 1763 p.
458 1713 512 1753 50
530 1725 568 1750 v.
591 1712 656 1754 15.
714 1713 853 1751 Strabo
879 1714 927 1754 14
955 1727 1078 1766 prope
1103 1715 1247 1764 finem,
1285 1717 1328 1753 in
1353 1716 1488 1753 Cilicia
1506 1715 1727 1767 Σαρπηδο-

279 1767 372 1816 νῖας
383 1764 616 1818 Ἀρτέμιδος,
638 1770 789 1807 Dianae
800 1768 1067 1821 Sarpedoniae
1083 1772 1278 1823 templum
1295 1778 1334 1809 et
1349 1771 1553 1809 oraculum
1570 1782 1726 1808 memo·-

279 1831 355 1862 rat.
419 1824 564 1861 cellar.
1437 1837 1441 1839 ’

394 1878 449 1915 ib.
468 1893 507 1917 v.
534 1882 599 1922 17.
661 1880 883 1919 Seleucides
903 1896 996 1920 aves
1026 1884 1146 1921 etiam
1172 1883 1275 1923 Plin.
1302 1889 1582 1921 commemorat
1617 1881 1668 1922 10'
1690 1893 1724 1919 s.

279 1935 351 1976 39.
409 1941 447 1971 et
466 1936 629 1986 apponit
656 1937 765 1974 Casii
784 1940 925 1976 montis
942 1940 1117 1977 incolas.-
1147 1938 1252 1977 unde
1279 1946 1387 1991 patet
1409 1938 1611 1977 Seleuciae
1627 1938 1724 1975 Pte-

279 1990 383 2035 riae,
410 2002 491 2027 non
512 1987 671 2029 Ciliciae
692 1991 734 2030 h.
755 1993 783 2030 l.
805 1995 884 2044 agi.
940 1996 1002 2032 H.

390 2055 431 2096 p.
456 2045 508 2086 51
527 2059 565 2083 v.
586 2048 652 2087 11.
708 2050 901 2099 templum
918 2049 1080 2088 Veneris
1095 2047 1340 2101 Aphacitidis
1355 2050 1397 2086 in
1417 2048 1568 2087 Libano
1589 2053 1723 2086 monte

281 2101 562 2139 Constantinus
581 2104 748 2154 Magnus
773 2104 907 2143 diruit.
963 2107 1108 2144 Euseb.
1133 2108 1176 2144 in
1192 2107 1281 2145 Vita
1295 2106 1325 2143 1.
1344 2108 1370 2147 3
1394 2118 1428 2142 c.
1446 2105 1515 2146 53.
1570 2104 1723 2142 Socrat.

280 2159 304 2198 1
341 2157 394 2197 18
422 2156 495 2208 (14
519 2157 642 2209 Lan).
706 2159 851 2197 Cellar.

392 2225 432 2263 p-
452 2214 507 2254 52
525 2225 564 2250 v.
587 2217 650 2255 17.
707 2217 978 2255 narrationum
1006 2215 1056 2255 de
1073 2216 1271 2255 Zenobiae
1296 2222 1445 2265 morte,
1475 2228 1643 2268 quarum
1659 2214 1723 2253 di-

279 2268 507 2306 versitatem
532 2270 713 2308 Zosimus
738 2278 778 2308 et
807 2274 979 2311 Zonaras
1008 2274 1284 2320 observarunt,
1321 2274 1514 2310 veriorem
1537 2279 1722 2323 putamus

281 2337 368 2362 esse
389 2337 478 2361 eam
495 2337 614 2376 quam
633 2325 824 2364 exhibent
846 2330 1035 2379 Vopiscus
1058 2329 1211 2381 (Aurel.
1231 2341 1266 2365 c.
1288 2327 1361 2379 34)
1386 2329 1546 2380 aliique,
1572 2328 1722 2366 scilicet

279 2380 499 2418 Zenobiam
519 2381 682 2433 eiusque
700 2382 843 2420 liberos
859 2385 1007 2422 Romae
1022 2386 1064 2422 in
1082 2382 1282 2435 triumpho
1301 2396 1386 2421 esse
1403 2383 1554 2421 ductos.

279 2487 282 2491 ἠ
396 2447 437 2487 p.
458 2436 511 2477 53
531 2449 570 2474 v.
588 2439 628 2477 7.
671 2439 840 2488 Vopisco
862 2439 921 2489 (in
945 2441 1082 2477 Aurel.
1105 2453 1139 2477 c.
1158 2439 1230 2490 31)
1251 2440 1377 2476 maior
1393 2438 1491 2477 fides
1507 2446 1578 2476 est.
1613 2438 1722 2475 San-

280 2490 483 2529 «larionem
510 2491 688 2542 (Zosim.
707 2494 1006 2546 Marcellinum)
1032 2497 1182 2547 iuquit,
1223 2508 1339 2546 quem
1358 2496 1402 2531 in
1416 2494 1615 2545 praesidio
1636 2493 1723 2530 illic

280 2546 532 2584 Aurelianus
540 2556 747 2598 posuerat,
765 2563 857 2599 czqm
875 2553 1062 2588 sexcentas
1078 2552 1297 2602 sagittariis
1311 2550 1552 2594 oeciderunt,
1571 2549 1722 2586 Achil-

283 2602 343 2639 leo
365 2602 540 2652 (Zosim.
557 2603 778 2656 Antiocho)
812 2606 972 2643 cuidam
993 2608 1156 2657 parenti
1178 2599 1371 2643 Zenobiae
1387 2612 1579 2656 parantes
1596 2607 1722 2655 impe-

281 2659 402 2695 rium.
447 2673 469 2696 e
488 2658 621 2698 medio
641 2661 843 2699 sustulisse
859 2663 1087 2714 Palmyreni
1106 2661 1391 2702 Sandarionem
1410 2668 1454 2700 ut
1476 2667 1720 2701 aversantem

283 2725 346 2752 res
363 2727 484 2754 novas
503 2722 542 2754 et
560 2715 819 2763 defectionem
841 2717 1038 2759 videntur.

1795 2547 1812 3016 amn--fi-m—x'mam-..m
1803 2453 1812 2537 sama.
1808 2417 1812 2436 ..
1809 2384 1812 2396 -
1808 2359 1812 2361 .
1810 2323 1812 2325 .
1809 2265 1812 2267 .
