1812 3016
263 96 366 143 ,130
893 98 1101 145 ZOSIMI.

269 214 408 253 λιανοῦ
427 214 568 255 τοῦτον
586 208 756 268 ἀφέντος
777 209 954 266 (ἐγνώκει
974 209 1051 268 γὰρ
1071 210 1112 253 ἓν
1131 210 1258 254 ἅπασι
1277 212 1546 270 Κωνσταντίῳ
1563 209 1708 266 πειθή-

269 296 353 328 νιος
375 276 499 334 εἶναι)
532 275 582 321 τὰ
609 279 682 332 μὲν
712 279 1024 336 ἐπιτετραμμένα
1053 277 1184 322 πάντα
1202 283 1262 338 τῷ
1281 281 1460 338 Καίσαρι
1481 279 1586 322 καθ’
1610 277 1710 322 {xd-

269 363 367 401 στην
397 345 451 397 ὡς
482 349 599 389 εἰπεῖν
628 344 849 400 ἐλάμβανεν
872 347 944 389 οὐκ
967 347 1102 403 ὀλίγην
1123 348 1320 400 ἐπίδοσιν,
1354 352 1435 391 τῶν
1456 351 1710 404 στρατιωτῶν

269 415 546 476 αὐξανομένων
575 413 721 469 πλήθει
749 416 815 456 καὶ
841 420 1071 469 πολεμικαῖς
1094 416 1333 472 ἐμπειρίαις,
1378 414 1638 459 τῶν·πόλεων
1668 417 1710 457 ἓν

267 481 401 538 εἷρήνῃ
424 480 490 525 καὶ
511 480 727 525 ἀπολαύσει
747 487 827 525 τῶν
846 483 924 525 ἀπὸ
946 482 1095 538 ταύτης
1116 484 1247 526 οὐσῶν
1268 484 1448 539 ἀγαθῶν.
1516 483 1588 539 (6)
1606 482 1742 525 πάν-5

266 567 347 592 των
374 551 418 592 δὲ
447 548 502 606 ὥς
521 553 639 592 εἷπεῖν
660 554 739 593 τῶν
761 549 906 594 αὐτόθι
927 550 1148 608 βαρβάρων
1170 550 1422 607 ἀπογνόντων
1440 552 1567 594 ἐλπίδι
1586 550 1710 608 πάσῃ,

267 619 334 662 καὶ
351 616 444 661 ὅσον
463 618 617 661 οὐδέπω
634 619 727 667 τοὺς
744 617 799 660 ἔτι
815 620 1178 676 περιλελειμμένους
1195 620 1434 662 ἀπολεῖσθαι
1453 621 1712 678 πανωλεθρία

266 686 638 745 προσδοκησάντων,
675 684 845 736 Σάξονες
864 688 902 728 οἳ
923 686 1082 730 πάντων
1103 687 1153 742 δὴ
1175 685 1468 744 καρτερώτατοι
1489 692 1568 730 τῶν
1589 689 1710 730 ἐκεῖσε

266 755 491 810 νειιιομένων
520 751 741 810 βαρβάρων
770 758 894 811 θυμῷ
924 757 990 796 καὶ
1017 754 1131 812 ῥώμῃ
1156 757 1222 797 καὶ
1245 757 1434 814 καρτερίᾳ
1457 759 1509 812 τῇ
1528 757 1618 812 περὶ
1638 755 1712 804 τὰς

265 823 403 878 μάχας
431 820 529 864 εἶναι
555 823 800 875 νομίζοντες,
836 821 1052 872 Κουάδους
1078 829 1225 880 μοῖραν
1257 827 1373 880 σφῶν
1400 823 1518 873 ὄντας
1550 825 1606 873 εἷς
1638 823 1766 877 τὴν10

265 889 343 932 ὑπὸ
357 889 564 944 Ῥωμαίων
587 890 850 944 κατεχομένην
870 890 1110 944 ἐκπέμπουσι
1130 894 1216 946 γῆν.
1284 891 1323 933 οἱ
1347 891 1390 932 δὲ
1410 889 1487 933 ὖπό
1511 889 1711 948 Φράγκων

266 957 425 1015 ὁμόρων
451 957 586 1007 αὐτοῖς
614 957 739 999 ὄντων
769 957 1010 1012 κωλυόμενοι
1043 960 1230 1013 διαβῆναι
1256 959 1333 1001 δέει
1354 962 1428 1001 τοῦ
1445 958 1503 1013 μὴ
1523 963 1582 1017 τῷ
1602 961 1711 1000 Καί-

265 1044 361 1083 σαρι
385 1028 524 1067 δοῦναι
546 1026 704 1067 δικαίαν
727 1027 859 1067 αἰτίαν
877 1031 950 1080 τῆς
969 1026 1061 1068 κατ’
1084 1027 1216 1069 αὐτῶν
1239 1021 1361 1076 αὖθις
1380 1024 1529 1083 ἐφόδου
1541 1058 1555 1078 ,
1589 1030 1711 1068 πλοῖα

265 1092 613 1149 ναυπηγησάμενοι
646 1095 714 1135 καὶ
746 1093 813 1135 διὰ
844 1099 915 1135 τοῦ
934 1092 1075 1148 Ῥήνου
1105 1094 1179 1149 τὴν
1199 1092 1278 1136 ὕπὸ
1302 1093 1500 1152 Φράγκων
1523 1095 1711 1149 ἐχομένην

264 1160 579 1218 ὕπερβαλόμενοι
610 1166 684 1217 γῆν
711 1158 772 1202 ἐπὶ
803 1162 875 1216 τὴν
907 1160 1081 1216 ὑπήκοον
1099 1160 1312 1216 Ῥωμαίοις
1331 1160 1584 1219 ὡρμήθησαν
1591 1195 1606 1215 ,
1641 1164 1708 1205 καὶ
1720 1168 1765 1204 15

265 1235 315 1287 τῇ
336 1231 525 1288 Βαταβιίιι
544 1227 820 1285 προσσχόντες,
846 1229 896 1283 ἣν
916 1231 1008 1283 δίχα
1029 1229 1257 1284 σχιζόμενος
1276 1228 1450 1286 ὅῬῆνος
1469 1234 1591 1285 νῆσον
1607 1237 1716 1273 ποιεῖ’

263 1296 396 1352 πάσης
412 1298 610 1350 ποταμίας
627 1298 787 1350 μείζονα
805 1295 943 1351 νήσου,
972 1297 1018 1339 τὸ
1040 1300 1199 1339 Σαλίων
1223 1298 1354 1349 ἔθνος,
1387 1296 1587 1355 Φράγκων
1605 1297 1709 1340 ἀπό-

261 1381 404 1420 μοιρον
413 1396 427 1415 ,
466 1365 509 1406 ἔκ
529 1369 600 1417 τῆς
622 1365 767 1413 οἰκείας
783 1362 923 1420 χώρας
943 1363 1020 1407 ὕπὸ
1043 1364 1232 1415 Σαξόνων
1252 1368 1309 1416 εἷς
1329 1364 1479 1419 ταύτην
1498 1366 1571 1420 τὴν
1587 1371 1708 1420 νῆσον

263 1433 537 1482 ἀπελαθέντας
555 1432 779 1485 ἐξέβαλλον.
849 1431 950 1488 αὕτη
981 1433 1025 1474 δὲ
1054 1431 1079 1487 ἦ
1112 1437 1232 1488 νῆσος
1260 1428 1362 1476 οὖσα
1383 1432 1576 1490 πρότερον
1594 1438 1708 1476 πᾶσα

257 1498 464 1555 Ῥωμαίων
492 1497 580 1542 τότε
610 1497 688 1542 ὕπὸ
718 1499 877 1542 Σαλίων
907 1501 1120 1555 κατείχετο.
1187 1505 1305 1544 τοῦτο
1325 1501 1477 1556 μαθὼν
1498 1499 1519 1544 ὃ
1543 1503 1766 1559 Καΐσαρέ)

358 1629 402 1662 10
416 1626 595 1662 Reinesius
608 1637 681 1661 cum
691 1626 849 1661 Cluverio
865 1627 992 1661 mavult
1005 1624 1188 1670 Καύχους,
1203 1628 1261 1673 qui
1274 1628 1362 1662 inter
1375 1628 1520 1662 Amisam
1536 1632 1572 1662 et
1585 1628 1709 1663 Visur-

354 1673 422 1716 gim
438 1673 541 1707 locati
556 1673 746 1706 Saxonibus
761 1672 861 1706 vicini
875 1674 983 1708 fuere.
1049 1673 1211 1707 petavius
1236 1678 1271 1707 et
1285 1678 1364 1719 post
1379 1684 1454 1708 eum
1470 1674 1622 1708 Rittems
1637 1674 1708 1708 Zo—

354 1718 470 1752 simum
494 1718 750 1752 hallucinantem
774 1717 914 1752 credunt
939 1717 1091 1763 posuisse
1115 1716 1312 1758 Κουάδους
1336 1731 1399 1764 pro
1427 1717 1648 1774 Χαμοὶβους,
1671 1718 1708 1753 id

354 1764 444 1807 quod
465 1763 567 1797 etiam
590 1763 664 1797 loco
685 1762 806 1797 Iuliani
828 1762 863 1796 in
880 1764 910 1797 E
938 1788 946 1797 .
971 1763 1014 1796 ad
1030 1764 1106 1797 Ath.
1131 1764 1366 1798 confirmatur:
1390 1762 1620 1808 ὑπεδεξαμην
1641 1762 1708 1808 μὲν

352 1811 486 1851 μοῖραν
515 1809 582 1842 τοῦ
615 1808 691 1842 τῶν
723 1807 871 1842 Σαλίων
922 1809 1059 1849 θνους,
1100 1807 1306 1852 Χαμοίβους
1330 1806 1369 1843 δὲ
1392 1807 1561 1853 ἐξήλασα.
1608 1810 1708 1844 etiam

351 1853 509 1907 Eunapio
524 1853 558 1887 in
573 1853 693 1897 Legat.
708 1852 880 1897 Χαμαβοὶ
896 1853 1062 1887 dicuntur.
1079 1854 1122 1887 cf.
1138 1854 1298 1889 Ammiau.
1318 1856 1361 1890 17
1383 1856 1418 1890 8.
1439 1856 1485 1890 R.
1536 1854 1578 1889 15
1592 1851 1708 1897 ὕπερ-

352 1898 567 1977 βαλλομξνοι
588 1897 675 1934 libri.
766 1893 993 1943 (ὁρμήθησαν
1017 1899 1044 1931 S
1052 1911 1063 1933 .-
1086 1898 1162 1933 libri
1186 1896 1436 1944 ω’ρμίσθησαν.
1543 1901 1587 1935 17
1609 1896 1710 1934 ἀπό·

349 1954 483 1987 μοιραν

261 2064 337 2087 nem
352 2063 416 2086 non
433 2052 539 2087 invite
555 2053 720 2096 Iulianus,
754 2052 842 2098 quod
868 2053 1018 2088 omnibus
1039 2054 1074 2088 in
1097 2053 1198 2088 rebus
1217 2053 1355 2098 obsequi
1370 2052 1569 2088 Constantio
1585 2052 1707 2089 decre-

260 2098 382 2137 visset;
407 2099 572 2143 nihiloque
587 2099 693 2133 minus
709 2099 817 2132 omnia
832 2099 970 2133 Caesari
986 2099 1158 2134 commissa
1173 2098 1333 2144 quotidie,
1348 2109 1454 2144 prope
1470 2099 1622 2142 dixerim,
1638 2112 1706 2135 non

260 2143 416 2187 exiguum
431 2144 595 2187 quoddam
610 2144 846 2177 incrementum
861 2145 1054 2188 sumebant,
1085 2153 1159 2178 cum
1175 2155 1310 2177 numero
1325 2143 1448 2178 milites
1463 2150 1498 2179 et
1512 2155 1576 2179 usu
1593 2156 1706 2180 rerum

262 2189 454 2222 bellicarum
470 2194 707 2231 augescerent,
731 2189 923 2243 oppidaque
937 2201 1021 2235 pace
1037 2190 1164 2234 pal-iter
1179 2200 1220 2223 ac
1234 2188 1329 2222 bonis
1345 2200 1365 2222 e
1379 2200 1462 2233 pace
1475 2190 1706 2235 provenienti-

262 2234 323 2266 bus
340 2234 541 2267 fruerentur.
574 2234 632 2278 (6)
653 2245 766 2267 omnes
780 2245 843 2268 iam
860 2234 1098 2287 propemodum
1112 2234 1146 2268 in
1161 2233 1201 2267 iis
1217 2233 1299 2267 locis
1315 2233 1450 2268 barbari
1466 2246 1560 2280 spem
1575 2246 1704 2270 omnem

262 2278 472 2319 abiecerant,
504 2283 698 2323 tantumque
721 2290 786 2312 non
811 2279 853 2311 ad
867 2280 1121 2313 internecionem
1137 2278 1304 2324 perituras
1324 2279 1553 2314 existimabant
1567 2291 1704 2314 suorum

260 2324 427 2367 reliquias,
450 2334 523 2357 cum
540 2324 703 2367 Saxones,
728 2323 868 2357 omnium
884 2334 941 2358 eas
955 2323 1109 2369 regiones
1123 2323 1333 2357 incolentium
1348 2324 1566 2359 barbarorum
1580 2329 1616 2359 et
1628 2325 1704 2359 ani·—

261 2368 322 2401 mis
342 2374 376 2401 et
393 2379 569 2413 corporum¹
587 2368 714 2412 viribus
736 2373 771 2401 et
794 2368 941 2402 laborum
968 2369 1002 2403 in
1029 2368 1164 2415 proeliis
1189 2368 1365 2402 tolerantia
1390 2370 1561 2404 fortissimi
1583 2369 1703 2413 habiti,

263 2413 412 2455 Quados,
435 2413 576 2447 nationis
590 2425 670 2447 suae
685 2418 827 2458 partem,
841 2412 875 2447 in
891 2414 997 2448 solum
1011 2416 1053 2448 ab
1070 2413 1226 2448 Romanis
1243 2418 1440 2458 occupatum
1455 2415 1620 2450 emitmnt.
1665 2419 1705 2450 at

261 2459 407 2492 finitimis
423 2459 563 2493 Francis
577 2469 636 2492 eos
651 2457 796 2492 transitu
805 2458 1077 2511 ⁸prohibentibus,
1097 2458 1154 2502 qui
1167 2461 1354 2493 metuerent
1367 2470 1411 2493 ne
1425 2459 1546 2494 iustam
1562 2459 1703 2494 Caesari

262 2514 393 2538 causam
409 2505 611 2549 praeberent
624 2515 662 2537 se
674 2514 788 2537 rursus
803 2503 1005 2546 invadendi,
1038 2504 1179 2538 navibus
1194 2503 1396 2538 constructis
1412 2505 1530 2538 Rheno
1546 2508 1702 2549 praeter-

261 2549 352 2582 vecti
366 2554 538 2593 parentem
554 2549 756 2582 Francorum
772 2547 909 2592 imperio
923 2549 1093 2592 regionem
1107 2573 1118 2590 ,
1140 2548 1175 2582 in
1188 2548 1330 2582 Romani
1344 2549 1426 2582 iuris
1441 2549 1547 2583 solum
1562 2554 1701 2583 conten-

259 2593 403 2635 derunt;
429 2599 462 2627 et
478 2594 624 2639 appulsis
639 2594 682 2628 ad
699 2593 871 2627 Bataviam
885 2594 1037 2636 navibus,
1061 2604 1160 2638 quam
1175 2593 1298 2628 divisus
1314 2595 1452 2628 Rhenus
1465 2594 1604 2628 insulam
1623 2594 1703 2628 effi-

259 2637 306 2670 cit
321 2640 437 2682 quavis
452 2640 558 2673 insula
574 2639 729 2673 fluminea
743 2637 920 2680 maiorem,
944 2639 1109 2672 Saliorum
1134 2637 1297 2673 nationem
1309 2664 1321 2681 ,
1342 2639 1550 2673 Francorum
1565 2649 1586 2673 a
1601 2643 1702 2684 parte

256 2684 439 2724 profectam
457 2690 491 2718 et
506 2684 540 2717 vi
552 2685 720 2718 Saxonum
734 2683 767 2717 in
782 2684 868 2717 hanc
881 2683 1020 2718 insulam
1035 2683 1103 2718 suis
1118 2694 1138 2717 e
1152 2683 1287 2717 sedibus
1302 2683 1470 2729 reiectam,
1488 2684 1700 2730 expulerunt.

255 2726 339 2762 haec
356 2729 469 2763 ,insula
492 2729 584 2774 prius
600 2729 759 2765 Romanis
781 2727 816 2764 in
832 2728 1023 2766 uuiversum
1043 2739 1167 2776 parens
1190 2739 1211 2765 a
1226 2728 1329 2765 Saliis
1343 2729 1409 2766 hoo
1421 2734 1572 2777 tempore
1583 2728 1700 2776 possi-
