1812 3016
279 74 379 121 366
821 77 1181 124 REITEMEIERI

391 198 433 237 p.
458 186 537 228 120
553 200 591 226 v.
606 189 650 230 7.
707 193 752 227 ut
781 196 927 228 sartam
949 196 1193 241 praestemus
1215 189 1395 229 ultimam
1413 197 1565 243 partem
1582 203 1720 230 narra·

273 241 397 282 ,tlonis
419 241 467 279 de
486 244 724 294 Magnentio,
756 257 780 282 a
798 247 956 284 Zosimo
978 247 1097 284 nimis
1113 247 1252 286 leviter
1271 246 1467 297 traditam,
1497 262 1551 286 ex
1566 249 1719 286 Iuliano

280 297 366 349 (or.
389 301 408 338 1
432 305 471 335 et
491 298 543 350 2)
573 299 674 338 haee
700 300 793 338 addi
819 303 1040 340 consultum
1067 310 1125 340 est
1149 305 1292 342 visum.
1349 317 1453 342 anno
1471 305 1551 346 351
1570 305 1720 356 proelio

278 353 332 391 ad
360 356 535 392 Mursam
563 357 689 395 victus
716 359 967 409 Magnentius
987 372 1078 396 cum
1099 360 1195 411 fuga
1213 361 1369 397 Italiam
1386 362 1582 412 petiisset,
1612 362 1718 398 Con-

277 412 421 448 stantio
442 424 524 449 non
540 413 729 462 instante,
760 427 863 452 anno
879 416 1103 467 insequenti
1121 417 1276 454 Italiam
1293 417 1465 468 reliquit,
1495 423 1534 454 et
1551 417 1719 468 Alpibus

276 468 442 504 munitis
459 469 667 519 Aquileiae
681 471 947 521 voluptatibus
965 471 1120 509 deditus
1137 474 1251 510 vixit.
1277 480 1490 524 postquam
1501 486 1595 511 vero
1612 486 1719 511 nun-

278 523 421 559 tiatum
445 531 527 561 erat
547 538 570 561 a
589 527 805 564 Constantii
826 529 966 578 copiis,
997 540 1099 579 quae
1124 542 1216 566 vere
1238 530 1398 566 ineunte
1418 527 1604 567 adversus
1627 543 1735 577 eum,

279 578 441 616 tendere
459 590 687 631 coeperant,
719 590 876 634 captum
895 597 979 622 esse
995 586 1039 621 iu
1055 579 1223 636 Alpibus
1238 586 1463 634 castellum,
1494 586 1647 623 excitus
1667 599 1720 623 ex

278 632 355 671 hac
384 636 479 673 urbe
506 639 628 687 signis
648 652 738 676 cum
758 638 872 676 hoste
896 641 1048 677 collatis
1072 640 1123 677 ad
1139 642 1278 678 urbem
1295 642 1531 679 Patavinum
1547 643 1723 692 primum

278 691 436 728 fortuna
468 693 641 730 secunda
668 695 866 744 conflixit,
906 709 1003 733 mox
1028 702 1160 733 autem
1188 698 1376 734 inclinato
1407 699 1451 735 in
1481 697 1723 735 adversarios

278 749 418 797 proelii
445 756 587 786 eventu
613 751 724 788 fusus
752 758 791 788 et
818 752 977 802 fugatus
998 753 1039 788 in
1059 753 1231 790 Galliam
1250 754 1394 801 evasit,
1427 753 1498 790 ubi
1515 753 1724 791 crudeliter

279 804 322 839 in
346 805 495 842 incolas
518 808 669 843 saeviit.
729 808 865 844 classis
891 809 1050 845 interim
1077 809 1296 846 Constantii
1311 811 1432 847 missa
1453 808 1505 846 ad
1526 822 1724 860 occupan-

280 857 374 895 dam
405 861 583 897 Africam
614 869 653 898 et
679 862 977 914 Carthaginem,
1025 865 1104 901 alia
1132 866 1174 901 in
1203 866 1381 905 Siciliam
1408 871 1447 902 et
1475 867 1724 917 Hispaniam.

281 928 384 952 anno
404 916 483 956 353
505 919 655 968 proelio
675 917 727 955 ad
743 920 866 970 Alpes
887 921 1033 958 Cottias
1053 921 1260 959 commisso
1279 935 1351 972 per
1370 921 1489 959 duces
1506 922 1724 959 Constantii

281 979 486 1022 superatus
514 975 788 1025 Magnentius,
828 975 1031 1027 Lugduni,
1072 990 1150 1028 quo
1180 990 1223 1014 se
1254 985 1452 1028 receperat
1477 977 1593 1028 fuga,
1635 991 1724 1014 cum

280 1029 427 1065 milites
459 1043 573 1077 eum,
603 1038 646 1067 ut
673 1033 887 1070 memoriae
915 1031 1117 1083 proditum
1144 1040 1203 1071 est
1232 1046 1256 1070 a
1278 1035 1432 1072 Victore
1463 1040 1502 1070 et
1521 1035 1724 1085 Eutropio,

281 1082 387 1121 hosti
403 1098 474 1134 per
490 1085 755 1136 proditionem
772 1087 925 1126 tradere
943 1090 1188 1138 molirentur,
1215 1102 1285 1141 spe
1301 1092 1410 1128 omni
1427 1090 1597 1128 abscissa
1615 1103 1725 1128 mor-

279 1146 362 1177 tem
385 1141 460 1178 sibi
484 1144 686 1181 conscivit.

392 1208 446 1245 ib.
475 1222 513 1246 v.
543 1211 582 1250 8.
639 1211 854 1249 illustrabis
892 1218 1016 1250 totam
1051 1212 1195 1250 seriem
1223 1210 1452 1251 historicam
1479 1220 1518 1251 et
1546 1215 1623 1252 alia
1647 1212 1727 1251 huc

279 1265 515 1314 pertinentia
542 1279 595 1302 ex
621 1267 775 1305 Comm.
801 1268 832 1304 l.
854 1270 881 1308 2
909 1282 941 1305 c.
971 1267 1052 1306 Th.
1079 1267 1128 1305 de
1154 1267 1307 1319 indulg.
1338 1271 1448 1307 crim.
1475 1275 1514 1307 et
1538 1270 1645 1322 legg.
1670 1271 1726 1307 ib.

280 1322 347 1357 cit.
365 1320 391 1361 5
417 1319 466 1357 de
489 1334 582 1371 pag.
604 1322 629 1363 5
656 1321 705 1359 de
726 1323 870 1360 infirm.
889 1322 974 1372 his,
1005 1337 1105 1375 quae
1128 1325 1199 1361 sub
1221 1327 1412 1376 tyr-almis.
1469 1325 1613 1364 Ritter.

368 1383 370 1385 ¹
391 1387 446 1424 ib.
468 1402 508 1425 v.
531 1390 594 1428 10.
654 1388 703 1426 de
728 1391 860 1427 Laetis
888 1391 1105 1427 Marcellin.
1136 1391 1187 1431 16
1219 1393 1266 1430 11
1298 1404 1337 1441 p.
1363 1390 1463 1439 148,
1491 1392 1626 1444 ibique
1646 1393 1728 1430 Va-

279 1443 415 1481 lesius.
475 1443 576 1480 adde
607 1446 728 1483 etiam
756 1447 910 1483 Comm.
942 1445 994 1483 ad
1026 1447 1055 1484 l.
1077 1448 1103 1487 9
1135 1444 1184 1482 de
1218 1448 1399 1484 censitor.
1429 1448 1573 1484 Rieter.
1634 1447 1729 1485 add.

278 1501 450 1536 Eumen.
467 1502 616 1551 Paneg.
642 1503 845 1539 Constant.
866 1515 900 1539 c.
922 1509 1023 1539 extr.
1044 1502 1113 1539 ubi
1131 1502 1282 1539 Laetus
1299 1503 1546 1553 postliminio
1570 1505 1730 1540 restitu—

281 1562 362 1601 tus,
395 1557 477 1592 iam
507 1556 763 1595 emendatum
790 1571 814 1595 a
839 1558 1019 1607 Valesio,
1047 1557 1275 1608 neglectum
1302 1572 1388 1597 esse
1406 1560 1447 1596 in
1467 1558 1562 1597 edit.
1578 1572 1729 1610 nupera

280 1624 397 1662 aegre
414 1612 593 1650 ferimus.

393 1678 447 1716 ib.
469 1693 507 1717 v.
528 1679 594 1720 15.
650 1692 756 1717 nunc
777 1679 940 1732 quidem
952 1694 1034 1719 non
1053 1688 1231 1730 exstant,
1262 1679 1370 1734 quod
1390 1682 1534 1730 sciam,
1564 1681 1730 1732 scripto-

282 1749 344 1773 res
376 1737 544 1783 vetusti,
575 1737 617 1772 in
650 1737 792 1788 quibus
821 1737 1020 1787 praeclare
1049 1739 1153 1775 facta
1177 1738 1396 1789 Magnentii
1417 1738 1610 1775 celebrata
1629 1738 1729 1785 sint3

283 1798 329 1828 ut
354 1791 453 1829 adeo
480 1791 573 1828 inde
601 1791 871 1843 colligendum
896 1793 948 1831 sit
973 1793 1169 1846 quaedam
1188 1793 1240 1831 acl
1258 1793 1362 1831 hanc
1380 1792 1586 1832 historiam
1606 1795 1731 1844 perti-

283 1849 418 1883 nentia
445 1849 588 1898 scripta
613 1848 821 1899 iniquitate
846 1855 1069 1900 temporum
1085 1851 1301 1901 intercepta
1318 1862 1416 1887 esse.
1471 1850 1730 1900 intelligimus

285 1915 443 1954 quoque
465 1916 518 1939 ex
537 1902 578 1940 h.
598 1904 627 1940 l.
645 1905 850 1941 Zosimum
868 1906 951 1943 sive
968 1908 1194 1957 Eunapium
1211 1907 1464 1956 scriptorum,
1492 1917 1591 1957 quos
1604 1905 1729 1942 secuti

285 1960 385 2007 sint,
415 1960 687 1996 auctoritatem
710 1973 790 1997 non
814 1967 963 2008 temere
983 1961 1054 1999 sed
1073 1961 1220 1999 iudicio
1240 1962 1441 2013 probasse.

395 2038 435 2075 p.
457 2026 535 2065 121
559 2038 597 2061 v.
617 2027 657 2065 9.
714 2028 914 2064 Ammian.
948 2028 1001 2069 14
1029 2028 1106 2069 35:
1137 2030 1362 2078 principem
1391 2028 1539 2071 locum,
1580 2027 1618 2063 εἰ
1648 2040 1731 2077 qua

278 2082 474 2131 patuisset
493 2082 623 2129 copia,
652 2081 880 2133 agffectabat.
911 2083 1182 2134 imprudenter
1201 2083 1485 2135 crudeliterque
1504 2083 1607 2119 facta
1625 2083 1730 2119 Galli

283 2150 414 2188 neque
443 2138 675 2173 Ammianus
706 2144 809 2174 tacet
838 2151 968 2190 neque
994 2141 1169 2177 Iulianus
1194 2141 1279 2190 ipse
1310 2139 1518 2186 diffitetur,
1549 2139 1730 2190 quamvis

283 2191 510 2230 excusando
536 2193 698 2229 fratrem
719 2196 902 2244 mitigare
917 2202 1035 2247 atque
1057 2197 1212 2233 amoliri
1231 2196 1279 2233 ab
1307 2208 1353 2233 eo
1372 2196 1530 2246 culpam
1552 2193 1729 2242 studeat3

282 2261 403 2301 quare
433 2249 635 2295 Zosimus,
667 2250 739 2286 etsi
764 2262 786 2286 a
813 2249 943 2287 studio
975 2259 1014 2288 et
1040 2252 1174 2289 favore
1203 2253 1246 2288 in
1275 2252 1436 2288 fratrem
1463 2251 1606 2287 Iuliani
1628 2250 1730 2286 forte

283 2318 432 2343 vacuus
444 2333 454 2353 ‚
483 2317 507 2340 a
532 2303 835 2354 reprehensione
863 2313 997 2343 tamen
1016 2309 1189 2344 incuriae
1210 2314 1248 2344 et
1265 2308 1469 2357 neglectus
1488 2307 1559 2343 vix
1573 2306 1731 2343 liberari

283 2367 426 2412 potest.
485 2367 659 2397 ceterum
685 2360 902 2398 admodum
928 2363 1132 2412 probabile
1160 2364 1204 2400 fit
1226 2363 1274 2399 ab
1299 2362 1538 2400 delatoribus
1557 2368 1596 2399 et
1616 2374 1731 2411 syco-

284 2415 463 2467 phantis,
494 2417 563 2468 qui
587 2417 812 2454 Constantio
831 2424 875 2454 ut
891 2417 1144 2456 adularentur
1164 2419 1327 2456 crimina
1346 2420 1389 2456 in
1411 2418 1574 2455 Gallum
1591 2429 1731 2454 cumu-

283 2473 419 2510 labant
430 2502 440 2521 ,
470 2473 597 2509 multa
619 2473 662 2508 in
679 2473 808 2509 maius
826 2486 911 2510 esse
929 2481 1055 2512 aucta.

395 2538 449 2575 ib.
471 2552 510 2576 v.
534 2542 597 2580 11.
652 2539 895 2575 Hallucinari
919 2541 1101 2578 Zosimus
1130 2538 1307 2589 videtur,
1337 2540 1408 2591 qui
1425 2539 1530 2577 Galli
1553 2539 1729 2576 Caesaris

285 2593 449 2631 caedem
465 2595 662 2645 Dynamio
682 2593 888 2632 adscribat.
946 2596 1153 2633 Silvanum
1174 2598 1301 2644 enim,
1330 2609 1411 2633 non
1432 2595 1591 2632 Gallxun
1609 2596 1643 2632 is
1661 2607 1730 2631 ca·—

284 2651 437 2687 lumnia
457 2652 638 2701 perculit.
675 2651 869 2689 Valesius.
931 2653 1095 2690 omissas
1112 2665 1135 2688 a
1151 2654 1314 2690 Zosimo
1335 2665 1397 2691 res
1413 2664 1535 2691 novas
1555 2664 1627 2703 per
1646 2650 1730 2689 Sil-

286 2718 432 2743 vanum
453 2714 581 2745 motas
599 2706 706 2759 apud
722 2707 976 2746 Ammianum
999 2707 1049 2750 15
1078 2707 1105 2749 5
1128 2709 1287 2760 legesis.

1189 2861 1213 2884 Ο
