1774 3002
223 85 253 130 8
647 110 653 114 -
836 82 1032 132 zosnm

219 194 315 251 ἡμῖν
338 192 439 249 μετὰ
458 194 505 237 τὸ
530 193 680 237 δίκαιον
699 191 924 237 ἀκόλουθον
946 189 1082 237 οὖσαν.
1148 197 1276 237 ταῦτα
1303 194 1381 252 γὰρ
1410 190 1546 251 εἶρμόν
1564 210 1652 236 τινα

221 263 348 306 αἴτιον
365 269 448 312 τοῖς
464 263 663 316 ἐσομένοις
684 264 738 312 εἷς
759 262 805 304 τὸ
828 264 993 305 τοιῶσδε
1017 264 1144 304 δοκεῖν
1165 263 1394 316 συμβαίνειν
1414 262 1652 312 ἐπιτιθέντα,

223 329 344 380 δόξαν
371 336 454 379 τοῖς
485 329 622 386 ὄρθῶς
651 329 703 372 τὰ
730 328 947 386 πράγματα
976 331 1174 386 κρίνουσιν
1197 330 1353 383 ἐμποιεῖ
1368 333 1440 372 τοῦ
1460 331 1554 387 θεία
1577 330 1651 371 τινὶ

221 398 388 456 προνοίᾳ
418 396 490 451 τὴν
516 402 595 439 τῶν
621 397 884 452 ἀνθρωπίνων
908 395 1197 454 ἐπιγεγράφθαι
1222 398 1435 451 διοίκησιν,
1467 396 1566 438 ὥστε
1587 396 1661 441 εὖτε,

223 466 368 523 φορίας
394 465 467 524 μὲν
496 462 706 518 συνιούσης
726 469 872 523 ’ψυχῶν
894 464 1094 518 εὐθηνεῖν,
1142 464 1316 521 ἀφορίας
1335 465 1379 506 δὲ
1396 461 1686 514 ε’πιπολαζού-5
1744 460 1750 466 ”
1773 478 1774 532 J

222 549 296 587 σης
328 533 368 581 ἐς
400 532 445 574 τὸ
471 536 542 575 νῦν
571 530 770 588 δρώμενον
797 535 934 586 σχῆμα
963 535 1260 586 κατενεχθῆναι.
1323 531 1405 588 χρὴ
1434 531 1477 572 δὲ
1496 531 1557 572 ἐπὶ
1576 534 1655 572 τῶν

221 597 464 657 πραγμάτων
482 598 504 640 ὃ
523 599 621 654 λέγω
639 601 903 655 διασαφῆσαι.

355 667 400 711 2.
466 666 590 709 Μετὰ
616 666 688 720 τὴν
706 667 747 709 ἓν
769 667 899 725 Τροίᾳ
919 665 1127 723 στρατείαν
1151 663 1246 721 ἄχρι
1265 667 1337 718 τῆς
1357 663 1398 706 ἓν
1417 666 1656 721 Μαραθῶνι

219 731 354 788 μάχης
386 732 590 789 ἐλλόγιμον
623 734 736 776 οὐδὲν
769 734 807 776 οἲ
831 733 1016 789 ’Έλληνες
1050 734 1258 790 φαίνονται
1288 730 1534 788 πεπραχότες
1568 730 1658 772 οὔτε

221 800 323 858 πρὸς
340 799 506 851 ἑαυτοὺς
525 801 614 843 οὔτε
633 802 733 857 πρὸς
751 802 894 859 ἕτερον.
922 802 1098 858 Δαρείου
1122 801 1166 842 δὲ
1188 799 1322 849 αὐτοῖς
1340 799 1407 841 διὰ
1427 803 1506 842 τῶν
1525 797 1658 854 ὖπάρ-
1670 807 1713 842 10
1762 819 1766 828 ·

220 884 305 922 χων
326 872 492 918 πολλαῖς
511 867 700 924 μυριάσιν
716 867 1114 925 ἐπιστρατεύσαντος,
1137 868 1362 922 Ἀθηναίων
1379 867 1660 920 ὀκτακισχίλιοι

222 937 317 998 θεία
335 938 409 977 τινὶ
433 935 536 993 ῥοπῇ
554 935 751 991 γενόμενοι
773 935 955 990 κάτοχοι,
981 943 1064 986 τοῖς
1082 938 1379 992 παρατυχοῦσιν
1401 931 1660 987 ἐξοπλισάμε-

222 1019 283 1045 νοι
305 1005 370 1044 καὶ
388 1001 682 1057 ὑπαντήσαντες
700 1002 835 1062 δρόμῳ
848 1035 861 1055 ,
894 1009 1084 1046 τοσοῦτον
1103 1001 1325 1059 ἐκράτησαν
1343 1001 1442 1044 ὥστε
1463 1002 1571 1043 ἐννέα
1588 1001 1661 1054 μὲν

223 1070 372 1112 ἀνελεῖν
399 1069 622 1127 μυριάδας,
678 1071 773 1120 τοὺς
805 1072 848 1113 δὲ
876 1071 1129 1125 λειπομένους
1159 1071 1378 1119 ἀποδιῶξαι
1410 1074 1482 1124 τῆς
1509 1067 1661 1125 χώρας.

225 1136 326 1192 αὕτη
341 1139 547 1192 πεποίηκεν
565 1137 591 1193 ἡ
606 1136 715 1193 μάχη
729 1139 1040 1195 περιφανέστερα
1059 1142 1138 1180 τῶν
1149 1136 1349 1191 Ἑλλήνων
1362 1137 1413 1178 τὰ
1430 1135 1659 1193 πράγματα.
1672 1141 1716 1178 15
1773 1131 1774 1164 Ῡ

223 1202 378 1261 Ξέρξου
403 1206 446 1247 δὲ
464 1206 566 1258 μετὰ
584 1206 655 1260 τὴν
678 1207 854 1262 Δαρείου
874 1206 1056 1258 τελευτὴν
1078 1209 1214 1261 πολλῷ
1238 1206 1383 1257 μείζονι
1406 1220 1662 1260 παρασκευα-

223 1273 396 1325 σαμένου
428 1271 592 1326 δύνάμει
614 1275 681 1314 καὶ
698 1278 830 1315 πᾶσαν
854 1279 938 1322 τοῖς
957 1272 1121 1326 ἲἘλλησι
1141 1272 1213 1325 τὴν
1228 1271 1364 1313 Ἀσίαν
1384 1270 1662 1326 ἐπαγαγόντος,

223 1337 505 1394 πληρώσαντός
527 1356 568 1380 τε
591 1340 663 1393 τὴν
683 1340 754 1391 μὲν
776 1338 985 1381 θάλατταν
1006 1343 1103 1381 νεῶν
1123 1340 1247 1390 πεζῶν
1265 1339 1308 1380 δὲ
1326 1340 1398 1393 τὴν
1414 1343 1500 1394 γῆν,
1528 1338 1662 1392 ἐπειδὴ

227 1407 444 1460 διαβαίνειν
474 1406 551 1447 ἀπὸ
579 1411 650 1460 τῆς
674 1407 809 1456 Ἀσίας
829 1408 892 1448 ε’πὶ
912 1407 983 1460 τὴν
1006 1404 1204 1462 Εὐρώπην
1226 1406 1345 1462 ε’χρῆν
1355 1438 1368 1457 ,
1417 1404 1472 1456 ὡς
1494 1405 1566 1448 οὖκ
1587 1405 1664 1462 ἆρ-

226 1471 400 1514 κούντων
429 1473 538 1529 αὐτῷ
566 1478 645 1515 τῶν
679 1475 879 1527 στοιχείων
910 1476 964 1523 εἷς
989 1471 1191 1527 ὑποδοχὴν
1216 1478 1290 1514 τοῦ
1313 1472 1611 1530 στρατεύματος
1629 1473 1719 1521 &1²20
1773 1520 1774 1529 ¹

225 1540 284 1593 μὴ
304 1541 369 1581 καὶ
391 1540 463 1589 τὰς
486 1539 666 1595 ἀλλήλων
687 1539 966 1597 ὖᾳαρπάσαιεν
983 1541 1133 1596 χρείας,
1168 1539 1367 1595 ἐζεύγνυ-το
1387 1541 1460 1594 μὲν
1483 1539 1504 1582 ὃ
1520 1538 1664 1594 Ἑλλή-

227 1623 395 1657 σποντος
423 1605 600 1664 πάροδον
631 1609 766 1659 διδοὺς
796 1615 879 1658 τοῖς
907 1610 1002 1664 πεζῇ
1025 1609 1317 1661 διαβαίνουσιν,
1364 1606 1557 1664 ὥρύττετο
1578 1609 1620 1649 δὲ
1642 1605 1664 1649 ὃ

319 1714 341 1747 1
365 1714 508 1747 fortasse
521 1711 613 1757 μετὰ
629 1714 696 1748 τοῦ
712 1713 857 1748 δικαίου
872 1717 931 1750 aut
944 1711 1039 1747 κατὰ
1054 1712 1095 1749 τὸ
1113 1712 1268 1747 δίκαιον.
1291 1713 1494 1759 stephanus.
1545 1714 1568 1747 2
1582 1713 1663 1749 fort.

318 1754 509 1802 ἐκβαίνειν.
556 1759 756 1803 Stephanus.
900 1759 924 1794 4
946 1770 989 1793 an
1011 1756 1306 1804 ἕπιτετράφθαιῖ
1446 1758 1469 1794 5
1491 1755 1665 1803 εὖθηνεῖν

317 1802 372 1841 Η,·
397 1802 527 1838 codices
548 1801 749 1840 εὐσθενεῖν.
1281 1801 1286 1806 ’

230 1891 371 1926 arbitrio
392 1891 614 1938 dependentia
630 1893 806 1928 secundnm
819 1893 871 1927 ius
886 1896 922 1927 et
938 1903 1077 1937 aequum
1091 1892 1325 1938 suscipiuntur.
1369 1893 1452 1926 haec
1467 1891 1569 1935 enim,
1592 1902 1667 1926 oum

229 1937 348 1970 seriem
364 1939 526 1982 quandam
542 1939 661 1972 futuris
679 1939 868 1984 imponant,
892 1938 1090 1972 efficientem
1107 1943 1144 1971 ut
1155 1938 1203 1972 ita
1218 1937 1352 1971 evenire
1366 1938 1546 1971 videantur
1557 1964 1568 1980 ,
1591 1936 1667 1980 opi-

229 1981 361 2015 nionem
384 1987 478 2015 recte
496 1994 551 2016 res
574 1982 837 2016 existimantibus
861 1983 1000 2024 indunt,
1033 1982 1147 2015 divina
1168 1983 1309 2026 quadam
1331 1982 1542 2034 providentia
1557 1991 1667 2014 rerum

229 2026 443 2060 humanarum
459 2027 773 2061 administrationem
787 2028 836 2060 sic
850 2027 1071 2071 perscriptam
1087 2037 1182 2069 esse,
1213 2031 1251 2060 ut
1265 2027 1368 2059 fertili
1385 2026 1524 2070 quadam
1538 2026 1667 2059 animo-

229 2081 303 2104 rum
318 2071 423 2104 veluti
438 2076 555 2115 segete
570 2076 786 2106 concurrente
798 2072 937 2115 vigeant
948 2096 959 2113 ‚
992 2071 1172 2104 eorundem
1190 2071 1413 2104 invalescente
1427 2071 1607 2104 sterilitate
1621 2070 1666 2104 ad

231 2115 318 2149 illam
334 2116 451 2156 faciem
467 2116 641 2161 prolapsae
655 2117 721 2151 sint
736 2127 821 2161 quae
835 2116 934 2152 modo
948 2115 1160 2160 conspicitur.
1205 2116 1270 2150 erit
1292 2121 1403 2150 autem
1424 2115 1460 2149 id
1482 2115 1574 2161 quod
1589 2114 1669 2149 dico

232 2161 332 2200 rebus
345 2161 422 2206 ipsis
437 2161 677 2195 declarandum.

321 2208 355 2246 2.
400 2207 484 2239 Post
501 2206 743 2251 expeditionem
759 2205 940 2239 Troianam
965 2204 1007 2238 ad
1031 2216 1175 2248 pugnam
1197 2215 1303 2249 usque
1317 2204 1560 2239 Marathoniam
1584 2204 1667 2238 nihil

234 2251 478 2296 praedicatione
492 2251 625 2295 dignum
641 2251 766 2286 Graeci
790 2251 933 2294 gessisse
954 2251 1011 2283 vel
1029 2250 1116 2284 inter
1138 2261 1175 2283 se
1192 2250 1248 2283 vel
1262 2250 1423 2283 adversus
1439 2250 1535 2286 alium
1550 2260 1666 2294 quem-

235 2306 332 2340 quam
350 2296 520 2330 videntur:
556 2301 592 2331 at
614 2307 686 2330 cum
701 2295 823 2331 Darius
849 2306 906 2328 eos
938 2306 1041 2339 opera
1065 2296 1307 2339 praefectorum
1321 2295 1460 2328 infinitis
1475 2306 1547 2328 cum
1562 2293 1667 2338 copiis

235 2340 430 2385 invasisset,
462 2341 567 2374 octies
582 2341 669 2374 mille
684 2340 920 2382 Athenienses,
944 2340 1054 2373 divino
1071 2340 1211 2384 quodam
1226 2339 1351 2383 impetu
1367 2340 1502 2374 animati
1515 2344 1552 2372 et
1565 2338 1666 2372 armis

237 2385 357 2429 cuique
372 2386 478 2423 obviis
491 2386 666 2428 instructi,
691 2396 788 2419 cursu
805 2385 1043 2418 contenderunt
1057 2384 1089 2417 in
1103 2385 1231 2418 hostem
1242 2409 1252 2426 ,
1274 2389 1435 2429 tantaque
1448 2383 1587 2418 victoria
1602 2394 1666 2427 po.-

235 2430 288 2463 titi
310 2435 387 2464 sunt
409 2435 447 2464 ut
468 2431 648 2474 nonaginta
670 2431 799 2464 milibus
823 2429 1010 2465 interfectis
1035 2429 1171 2472 regione
1193 2439 1253 2462 sua
1277 2429 1422 2474 reliquos
1446 2428 1665 2482 expellerent.

234 2475 318 2508 haec
333 2487 446 2520 pugna
462 2477 669 2513 Graecorum
683 2486 736 2508 res
751 2475 948 2507 illustriores
964 2474 1121 2509 reddidit.
1145 2485 1219 2507 cum
1234 2485 1314 2507 vero
1330 2481 1408 2518 post
1421 2473 1513 2507 Dani
1528 2477 1666 2506 mortem

236 2519 367 2553 Xerxes
382 2521 485 2554 multo
499 2521 674 2555 maioribus
689 2520 793 2564 copiis
808 2519 986 2552 instructus
1000 2519 1184 2553 universam
1196 2519 1339 2552 Graecis
1351 2518 1535 2552 invexisset
1543 2517 1665 2559 Asiam,

239 2570 273 2598 et
288 2566 427 2599 navibus
441 2576 542 2607 mare,
563 2570 687 2600 terram
704 2565 868 2609 peditibus
884 2564 1099 2607 complesset,
1124 2563 1256 2607 quando
1282 2564 1388 2596 uidem
1404 2575 1445 2599 ex
1462 2563 1540 2596 Asia
1554 2566 1666 2595 trans-

237 2610 376 2643 eundum
394 2611 514 2645 eratin
529 2611 715 2655 Europam,
739 2609 836 2652 quasi
856 2620 920 2641 non
939 2609 1014 2651 ipsa
1027 2609 1220 2641 sufficerent
1237 2618 1258 2641 a
1294 2607 1521 2652 excipiendum
1536 2607 1667 2640 exerci-

236 2658 306 2687 tum
323 2656 484 2690 elementa
506 2656 568 2689 nisi
583 2666 660 2695 suos
674 2655 710 2689 in
723 2655 830 2694 vicem
843 2664 921 2687 usus
937 2653 1000 2686 sibi
1014 2653 1242 2697 praeriperent
1253 2679 1262 2695 ‚
1294 2653 1534 2697 Hellespontus
1548 2651 1665 2694 iunge-

236 2698 346 2742 batur‚
372 2704 410 2733 ut
424 2712 485 2745 per
500 2713 573 2735 eum
588 2700 717 2746 pedites
729 2700 795 2734 iter
809 2700 973 2742 facerent,
996 2703 1031 2732 et
1043 2698 1150 2732 Athos
1164 2696 1428 2743 perfoffiebatur,
1444 2702 1483 2730 ut
1495 2706 1568 2731 cum
1584 2695 1666 2729 mari

1749 852 1766 887 ’ὅ

1756 891 1767 922 ²3

1750 2539 1763 2564 ’,ἶ

1750 2566 1761 2594 ’ἐ

1754 2598 1763 2612 f
