1812 3016
284 63 382 113 336
822 66 1180 112 REITEMEIERI

391 185 432 227 p.
443 175 495 217 23
515 185 550 214 v.
567 175 631 220 18.
662 176 772 215 nulla
784 178 862 214 alia
872 175 971 214 haec
982 183 1040 215 est
1051 177 1248 228 persuasio
1261 187 1382 230 quam
1391 189 1593 230 quaecum
1605 179 1721 215 minis

282 232 338 270 fit.
382 234 549 270 occurrit
566 245 723 285 quoque
742 236 784 270 in
793 233 916 271 Suida
931 235 973 270 in
992 231 1256 286 πειθανᾶγκη,
1278 233 1349 271 sed
1361 235 1469 272 nulla
1486 235 1721 285 interpreta-

280 290 388 326 tione
407 288 561 337 addita,
591 296 630 326 et
647 291 689 327 iu
707 291 907 340 Eunapio,
934 290 977 326 in
994 287 1254 340 Chrysanthio
1276 303 1317 341 p.
1339 291 1418 331 190
1436 290 1651 327 Commel..
1682 288 1724 329 οἱ

277 344 531 396 πεμφθέντες
555 348 782 399 στρατιῶται
803 358 897 398 μετα
916 348 1034 397 τιμῆς
1052 344 1126 398 τήν
1147 344 1384 399 &enatam
1403 345 1554 400 ἐπῆγον
1574 349 1723 386 πειθα-

277 413 329 441 να
357 416 380 440 κ
407 416 443 440 ν
498 402 558 438 H

333 417 355 454 ν
381 417 443 508 ἵ)
452 457 506 499 24
534 469 573 493 v
596 454 661 497 14.
716 456 892 494 variante
923 456 1102 509 syntaxi,
1142 457 1269 493 filium
1299 468 1456 509 quoque
1483 453 1723 494 trucidatum

280 524 365 550 esse
391 512 498 560 dicit,
527 523 671 564 nempe
687 526 767 550 non
790 513 841 550 ad
862 515 1055 565 Veronam
1070 514 1233 564 proelio,
1254 514 1314 550 uti
1328 519 1451 563 pater,
1470 511 1542 550 sed
1559 514 1720 561 Romae,

277 575 369 620 post
396 575 599 619 acceptum
628 569 675 606 de
703 571 824 620 patris
856 568 966 606 clade
998 571 1202 617 nuntium,
1241 568 1347 619 apud
1365 575 1489 606 castra
1508 569 1720 616 Praetoria,

281 624 388 677 quod
408 626 591 662 Aurelius
607 627 738 663 Victor
756 626 906 662 notavit
925 633 1041 677 atque
1059 624 1284 676 Eutropius.
1347 624 1492 662 Cellar.

392 680 444 718 ib.
508 682 731 719 auctoribus
747 680 907 719 Aurelio
920 680 1072 720 Victore
1094 688 1132 718 et
1141 679 1296 718 zonara
1314 681 1442 718 filium
1459 680 1606 717 fecerat
1621 676 1722 716 Phi-

277 737 438 788 lippus*
427 739 584 788 imperii
608 744 839 775 consortem.

393 805 433 844 p
457 793 510 834 25
539 806 576 829 v.
610 795 633 833 1
650 793 1094 835 -15.commissum
1119 792 1196 830 fuit
1222 790 1417 843 proelium
1442 803 1534 829 cum
1563 787 1721 842 Scythis

241 898 243 901 .
282 848 334 886 ad
354 849 485 886 fortun
504 849 714 895 Trebonii,
757 847 912 886 videtur
930 851 1062 900 itaque
1081 862 1228 886 nomen
1247 850 1418 897 Tanais,
1449 849 1521 885 etsi
1539 853 1722 884 constan-

281 912 341 942 ter
360 906 402 941 in
420 903 496 942 hoc
517 906 642 955 capite
665 917 687 941 a
708 906 866 942 Zosimo
886 911 1072 955 ponatur,
1101 917 1172 955 pro
1191 905 1394 953 Danubio,
1423 905 1493 955 qui
1516 905 1722 940 incurren-

281 962 386 998 tibus
414 959 630 997 Thraciam
657 960 917 998 transeundus
951 967 1056 1008 erat,
1101 974 1228 997 errore
1255 961 1388 1012 aliquo
1418 961 1586 1010 scriptus
1612 969 1719 1005 esse3

283 1030 384 1069 quae
409 1018 527 1054 etiam
549 1019 741 1054 sententia
762 1018 946 1054 Gibbonii
976 1023 1034 1054 est
1057 1015 1248 1068 (History
1267 1017 1321 1067 qs
1333 1015 1396 1052 tlze
1415 1015 1535 1052 Rom.
1559 1013 1722 1064 Empire

256 1078 310 1110 't.
340 1076 359 1113 1
386 1086 419 1110 c.
440 1073 465 1114 7
493 1080 573 1110 not.
600 1071 693 1123 44).
752 1074 801 1110 cf.
825 1074 1016 1124 Georgius
1044 1072 1274 1124 Syncellus,
1314 1073 1384 1124 qui
1405 1072 1580 1122 Dexippi
1602 1070 1722 1109 verba

275 1130 396 1167 refert
415 1143 455 1179 Ρ.
473 1131 553 1170 299
573 1131 605 1166 Β
629 1129 692 1165 ed.
710 1130 846 1167 Venet.

390 1184 573 1236 Scythae,
605 1197 774 1237 quorum
797 1182 847 1222 ad
867 1188 1010 1223 Istrum
1025 1183 1142 1222 sedes
1167 1183 1244 1221 fuit
1271 1183 1323 1236 (3
1350 1186 1401 1232 2,
1436 1182 1465 1225 4
1492 1160 1596 1232 20),
1630 1187 1722 1218 sunt

283 1241 430 1288 Goth.)-
477 1240 602 1278 iidem
629 1254 652 1278 a
684 1244 841 1279 Zosimo
872 1243 958 1280 aliis
989 1242 1084 1278 locis
1114 1240 1176 1278 his
1203 1240 1430 1277 nominibus
1460 1238 1719 1285 declarantur,

281 1297 419 1341 Gothi,
459 1297 640 1342 Borani‚
687 1298 925 1348 Urugundi,
965 1304 1003 1334 et
1036 1298 1159 1347 Carpi
1195 1297 1244 1348 (1
1284 1299 1359 1343 27,
1412 1297 1432 1335 1
1471 1292 1577 1344 31),
1616 1294 1722 1330 Pro·-

274 1353 408 1403 thiagn·
438 1351 491 1402 (4
528 1352 774 1403 38).11e0
800 1355 931 1390 minus
965 1354 1121 1390 Zosimo
1148 1353 1361 1389 Bastarnae
1391 1355 1482 1388 sunt
1510 1345 1722 1389 Σκυθικὸν

273 1408 398 1456 ἔθνος
428 1408 479 1459 (1
510 1407 612 1458 71),
660 1409 848 1458 Ταίρῆαἰί
870 1409 924 1460 (2
952 1412 1025 1456 31,
1066 1408 1092 1448 4
1120 1407 1216 1458 25).
1273 1409 1358 1457 ipse
1382 1413 1515 1443 tamen
1538 1406 1719 1442 Zosimus

273 1476 387 1502 veras
408 1466 584 1514 gentium
605 1466 775 1515 origines
797 1478 936 1515 parum
956 1471 1060 1501 recte
1076 1465 1247 1501 tenuisse
1264 1461 1438 1510 videtur,
1469 1460 1719 1513 quandoqui-

275 1520 367 1558 dem
397 1521 420 1559 1
451 1519 504 1560 24
534 1520 681 1556 Gothos
709 1533 796 1557 cum
826 1520 994 1557 Herulis
1024 1526 1062 1556 et
1094 1520 1281 1556 Peucini-5
1309 1532 1332 1556 a
1361 1516 1518 1569 Scythis
1545 1516 1718 1554 diversos

274 1575 471 1628 perhibet.
530 1575 701 1626 Scythae
721 1578 803 1613 sive
824 1575 944 1612 Gothi
966 1576 1113 1627 (Getae
1134 1587 1330 1626 nusquam
1349 1588 1373 1611 a
1389 1575 1549 1611 Zosimo
1570 1584 1719 1610 vocau-

274 1633 357 1683 tur)
379 1630 485 1682 apud
501 1645 593 1668 eum
618 1631 792 1668 distincti
821 1639 912 1668 sunt
939 1633 981 1668 in
1012 1631 1112 1684 ἔθνη
1134 1638 1172 1668 et
1191 1631 1296 1684 γένη.
1352 1631 1384 1667 ii
1406 1631 1473 1681 qui
1493 1631 1535 1666 in
1553 1641 1717 1666 numero

273 1692 355 1728 τῶν
376 1688 511 1727 ἐθνῶν
534 1694 745 1737 ponuntur,
776 1695 866 1724 sunt
887 1700 984 1739 quos
1002 1689 1083 1724 iam
1099 1687 1285 1734 diximus,
1314 1686 1540 1723 Bastarnae
1557 1684 1601 1737 (1
1629 1684 1718 1733 71),

275 1743 489 1812 Prptlzingi
507 1743 560 1792 (4
589 1743 669 1793 38)
695 1747 733 1780 et
758 1743 927 1784 Scythae
945 1743 1108 1793 quidam
1133 1742 1187 1794 (4
1214 1741 1281 1792 7)
1337 1743 1380 1779 in
1397 1754 1558 1778 censum
1583 1753 1718 1778 eorum

276 1802 346 1852 qui
373 1798 466 1851 γένη
497 1801 758 1846 constituunt,
795 1800 1017 1836 referuntur
1040 1799 1209 1848 Scythae
1226 1799 1352 1847 regii,
1395 1809 1562 1863 quorum
1583 1797 1716 1847 plures

273 1857 469 1908 principes
510 1855 632 1891 fuisse
671 1855 880 1892 videntur:
926 1868 1020 1891 nam
1053 1852 1342 1892 Athanarichus
1370 1855 1477 1890 omni
1503 1855 1716 1904 imperasse

275 1910 511 1962 Scytharum
534 1913 729 1960 regiorum
750 1913 901 1948 nationi
925 1910 1066 1947 dicitur
1096 1911 1147 1962 (4
1179 1910 1247 1951 34.
1306 1909 1356 1945 cf.
1379 1910 1406 1948 4
1435 1912 1489 1949 20
1518 1915 1556 1945 et
1584 1907 1611 1948 4
1639 1907 1714 1958 7)3

273 1980 390 2020 porro
431 1966 618 2016 Taiplzalc'
655 1966 709 2018 (2
744 1966 847 2017 81),
896 1967 1078 2012 Borani,
1125 1966 1271 2016 Carpi,
1314 1963 1459 2010 Gothi,
1505 1963 1718 2015 Urugundi

273 2023 293 2076 (
383 2077 437 2114 ib.
461 2089 499 2114 v.
523 2077 589 2117 15.
648 2076 696 2115 de
726 2085 852 2115 morte
877 2079 990 2116 Decii
1018 2078 1171 2116 variant
1194 2082 1383 2114 auctores.
1440 2087 1532 2112 cum
1555 2074 1714 2113 Zosimo

273 2135 467 2185 conspirat
487 2134 718 2171 Ammianus
744 2135 795 2175 31
830 2137 894 2175 13.

385 2189 437 2227 ib.
461 2202 500 2225 v.
524 2191 591 2228 21.
632 2190 874 2240 accipiebant
894 2189 1035 2237 Gothi,
1064 2189 1146 2225 iam
1168 2195 1283 2225 antea
1296 2187 1485 2224 Romanis
1508 2184 1713 2234 foederati,

272 2259 402 2284 annua
423 2257 608 2292 munera,
654 2258 753 2296 quae
777 2259 867 2282 cum
883 2248 986 2284 iusto
1008 2253 1184 2295 tempore
1202 2257 1281 2281 non
1299 2244 1560 2291 solverentur,
1599 2243 1714 2280 Moe-

270 2305 370 2341 siam
390 2301 575 2352 Philippo
595 2309 782 2351 regnante
803 2309 956 2339 vastare
978 2307 1202 2351 coeperunt.
1259 2299 1308 2336 cf.
1329 2297 1542 2336 Iornandes
1561 2296 1611 2335 de
1627 2299 1710 2335 reb.

270 2361 358 2396 Get.
383 2372 415 2394 c.
442 2359 508 2397 16-
1021 2384 1028 2390 ι

381 2427 421 2465 Ρ.
446 2416 499 2454 26
518 2426 558 2450 v.
577 2414 617 2453 9.
675 2413 962 2460 Hostilianum,
1002 2414 1070 2464 qui
1090 2423 1179 2448 cum
1202 2411 1316 2447 Gallo
1337 2410 1538 2459 Augustus
1561 2414 1712 2445 creatus

271 2477 375 2519 erat,
405 2476 515 2520 peste
531 2469 692 2519 periisse
715 2469 848 2504 scribit
869 2469 1005 2505 Aurel.
1025 2471 1124 2506 Vict.
1147 2468 1258 2504 Caes.
1277 2469 1330 2507 30
1350 2472 1388 2502 et
1406 2467 1512 2515 Epit.
1531 2465 1598 2504 30.

381 2525 434 2562 ib.
457 2538 496 2562 v.
521 2528 584 2566 17.
643 2523 691 2561 de
715 2537 760 2560 ea
778 2530 887 2574 peste
911 2525 960 2560 cf.
981 2526 1144 2573 Eutrop.
1166 2525 1191 2562 9
1220 2522 1245 2562 5
1274 2528 1312 2558 et
1327 2519 1539 2558 Iornandes
1560 2520 1625 2559 19-

381 2595 421 2632 p.
443 2583 495 2620 28
512 2594 551 2617 v.
579 2578 641 2620 14.
700 2593 789 2616 cum
809 2581 981 2627 Zosimo,
1011 2586 1165 2630 praeter
1182 2578 1389 2615 Aurelium
1408 2578 1507 2614 Vict.
1528 2575 1640 2612 Caes.
1655 2574 1709 2615 81

271 2651 430 2675 causam
444 2638 581 2673 mortis
598 2635 735 2673 morbo
750 2636 1009 2683 tribuentem,
1038 2635 1180 2685 reliqui
1200 2646 1336 2670 omues
1355 2633 1591 2682 conspirant.

380 2693 434 2731 ib.
459 2706 497 2731 v.
518 2694 583 2734 17.
640 2693 725 2729 iure
748 2693 974 2729 meritorum
998 2698 1034 2728 et
1063 2691 1179 2742 quasi
1201 2702 1246 2726 ex
1265 2691 1382 2726 totius
1399 2687 1503 2724 orbis
1519 2699 1603 2724 una
1619 2698 1709 2723 sen-

1807 2451 1812 2480 i

1804 2688 1812 2760 i
