1774 3002
257 80 324 137 80
881 77 1077 122 zosnm

255 196 330 236 τᾶν
356 209 441 243 πως
462 190 648 248 ἀλλήλοις
671 189 856 249 περόναις
875 193 1081 248 σιδηραῖς,
1110 187 1412 244 ἅνασπωμέναις
1431 186 1548 245 ἦνίκα
1567 186 1618 232 ἄν
1640 205 1700 240 τις

254 262 311 315 μὴ
336 263 556 316 βουληθείη
590 263 761 317 ζυγῶσαι
791 261 863 315 τὴν
893 260 1084 316 γέφυραν.
1139 259 1309 310 ’ἐπέταξε
1341 259 1384 301 δὲ
1414 265 1497 308 τοῖς
1517 273 1698 312 μηχανο-

255 336 404 379 ποιοΐς,
457 330 615 372 ἐπειδὰν
664 318 783 371 ἴδωσι
819 328 888 372 τὸν
936 329 1242 370 Κωνσταντίνου
1277 325 1447 383 στρατὸν
1492 331 1543 382 τῇ
1577 324 1697 378 ζεύξει

253 402 326 452 τῆς
344 395 522 454 γεφύρας
537 400 753 454 ἐφεστῶτα,
790 396 1018 438 ἄνασπᾶσαι
1045 395 1118 446 τὰς
1138 394 1306 451 περόνας
1330 396 1396 436 καὶ
1420 395 1607 436 διαλῦσαι
1626 393 1697 447 τὴν

253 466 452 522 γέφυραν,
479 465 578 507 ὥστε
604 468 658 515 εἷς
690 465 757 506 τὸν
781 464 962 518 ποταμὸν
985 464 1079 513 τοὺς
1107 465 1169 505 ἐπὶ
1203 461 1328 519 ταύτῃ
1356 461 1531 512 ἑστῶτας
1555 468 1731 505 moerus

255 535 321 574 καὶ
344 534 572 583 Μαξέντιος
600 534 672 586 μὲν
700 537 826 574 ταῦτα
859 534 1097 587 ἐμηχανᾶτο,
1165 531 1287 585 (16)
1322 532 1622 580 Κωνσταντῖνος
1657 531 1700 571 δὲ

253 602 369 658 μέχρι
397 607 467 656 τῆς
488 600 652 655 εΡιόμης
681 601 765 654 ἅμα
787 605 844 658 τῷ
862 604 1022 656 στρατῷ
1041 599 1252 655 προελθὼν
1275 600 1316 640 ἐν
1332 602 1390 656 τῷ
1410 600 1532 655 πεδίῳ
1548 603 1607 655 τῷ
1622 597 1700 654 πρὸ

253 674 326 724 τῆς
344 668 495 719 πόλεως
515 667 886 725 ἐστρατοπεδεύετο,
913 668 1223 724 ἀναπεπταμένῳ
1253 683 1294 708 τε
1322 666 1404 708 ὄντι
1434 668 1501 708 καὶ
1517 667 1558 716 ἐς
1577 667 1701 708 ἱππα-

254 738 345 779 σίαν
379 739 596 793 ἐπιτηδείῳ,
664 738 891 787 Μαξέντιος
924 737 966 778 δὲ
1000 737 1279 785 ἐναποκλείσας
1308 733 1450 776 ἑαυτὸν
1480 740 1563 784 τοῖς
1589 738 1703 784 θεοῖς

256 805 378 861 ἱερεῖα
411 804 636 861 προσήγαγε
668 806 734 846 καὶ
768 809 847 846 τῶν
875 802 1116 859 ἱεροσκόπων
1143 805 1235 859 περὶ
1256 807 1328 856 τῆς
1340 806 1413 845 τοῦ
1432 803 1607 855 πολέμου
1630 801 1701 844 τύ-
1715 811 1757 846 10

251 890 329 927 χης
351 871 645 915 ἀνεπυνθάνετο
675 874 741 913 καὶ
773 872 824 914 τὰ
856 870 1057 926 Σιβύλλης
1083 873 1328 927 διηρευνᾶτο.
1394 872 1465 911 καί
1483 887 1520 911 τι
1541 870 1704 926 θέσφα·

255 957 325 982 τον
354 939 480 997 εὗρών
509 947 702 995 σημαῖνον
734 938 788 990 ὥς
819 938 969 995 ἀνάγκη
999 939 1068 981 τὸν
1091 939 1154 980 ἐπὶ
1188 936 1325 994 βλάβῃ
1356 935 1582 994 πράττοντα
1602 935 1704 979 Ῥω-

253 1010 386 1062 μαίων
413 1011 557 1066 οἰκτρῷ
582 1006 750 1064 θανάτῳ
774 1015 1016 1064 περιπεσεῖν,
1043 1006 1142 1062 πρὸς
1174 1005 1317 1048 ἑαυτοῦ
1345 1005 1389 1047 τὸ
1421 1003 1553 1061 λόγιον
1577 1003 1704 1059 ἐλάμ-

252 1081 374 1130 βανεν
391 1075 445 1126 ὡς
465 1077 514 1131 δὴ
537 1076 629 1126 τοὺς
649 1074 892 1125 ἐπελθόντας
910 1081 960 1132 τῇ
978 1073 1119 1130 εΡώμῃ
1143 1076 1210 1116 καὶ
1231 1073 1379 1128 ταύτην
1400 1073 1706 1127 διανοουμένους

254 1143 354 1186 ἔλεῖν
381 1142 639 1198 ἀμυνόμενος.
708 1145 822 1198 ἐξέβη
850 1145 893 1185 δὲ
919 1143 1014 1199 ὅπερ
1043 1137 1092 1198 ἦν
1119 1143 1282 1197 ἀληθές.
1350 1139 1610 1197 ἐξαγαγόντος
1626 1141 1703 1197 γὰρ
1718 1149 1766 1186 1⁵

253 1214 485 1262 Μαξεντιόυ
520 1212 597 1269 πρὸ
630 1216 701 1266 τῆς
724 1210 880 1265 Ῥώμης
905 1211 949 1253 τὸ
981 1209 1222 1266 στράτευμα,
1257 1211 1324 1252 καὶ
1360 1209 1433 1263 τὴν
1454 1210 1632 1266 γέφυραν
1655 1209 1704 1263 ἣν

255 1281 378 1330 αὐτὸς
408 1280 533 1331 ἔζευξε
567 1278 800 1332 διαβάντος,
834 1283 1001 1334 γλαῦκες
1033 1279 1180 1334 ἀπείρῳ
1205 1276 1352 1331 πλήθει
1385 1281 1638 1319 καταπτᾶσαι
1661 1276 1707 1320 τὸ

253 1354 382 1401 τεῖχος
397 1346 656 1403 ἐπλήρωσαν·
692 1346 787 1403 ὅπερ
821 1345 1073 1399 θεασάμενος
1101 1343 1120 1386 ὅ
1146 1347 1448 1394 Κωνσταντῖνος
1469 1342 1706 1386 ἐνεκελεύετο

253 1414 472 1458 τάττεσθαι
507 1422 590 1464 τοῖς
622 1416 790 1464 οἷκειόις.
860 1412 1038 1456 στάντων
1062 1415 1104 1454 δὲ
1130 1413 1233 1455 κατὰ
1255 1414 1403 1470 κέρατα
1431 1416 1510 1454 τῶν
1534 1429 1707 1470 στρατο-

251 1485 381 1525 πέδων
409 1483 551 1524 ἀντίων
575 1481 784 1536 ἀλλήλοις,
821 1482 998 1538 ἐπαφῆκε
1025 1482 1096 1535 τὴν
1122 1482 1246 1522 ἰ’ππον
1278 1479 1299 1522 ὃ
1329 1482 1644 1531 Κωνσταντῖνος,
1678 1477 1768 1534 ἦ20

253 1552 296 1592 δὲ
329 1549 558 1592 ἐπελάσασα
584 1555 662 1592 τῶν
697 1551 883 1592 ἐναντίων
914 1550 1062 1605 ἱππέων
1090 1547 1256 1605 ἐκράτει.
1338 1548 1534 1605 ἀρθέντος
1562 1548 1605 1590 δὲ
1639 1549 1708 1589 καὶ

253 1625 337 1668 τοῖς
367 1620 497 1670 πεζοῖς
528 1623 599 1659 τοῦ
631 1621 819 1672 σημείου,
865 1619 930 1659 καὶ
971 1611 1080 1658 οὗτοι
1121 1617 1194 1658 σὺν
1222 1614 1360 1673 κόσμῳ
1391 1622 1474 1665 τοῖς
1505 1617 1709 1669 πολεμίοις

256 1685 437 1743 ἐπῄεσαν.
506 1686 715 1741 γενομένης
742 1687 785 1728 δὲ
814 1683 949 1740 μάχης
978 1688 1174 1741 καρτερᾶς
1206 1684 1319 1726 αὐτοὶ
1340 1684 1414 1738 μὲν
1430 1681 1620 1738 Ῥωμαῖοι
1640 1685 1708 1726 καὶ

346 1827 370 1861 2
390 1825 439 1871 μὴ
459 1837 512 1860 om
526 1826 569 1860 P.
709 1826 752 1861 13
774 1823 817 1860 τὸ
838 1823 962 1870 λόγιον
983 1822 1225 1858 Leunclavius=
1253 1822 1331 1857 libri
1345 1821 1388 1858 τὸ
1407 1821 1548 1860 λοιπόν.

255 1952 308 1983 ter
321 1960 359 1982 se
374 1949 518 1993 quodam
533 1949 632 1982 modo
650 1953 888 1982 concurrerent
901 1947 1011 1981 fibulis
1027 1946 1147 1980 ferreis
1159 1973 1168 1990 ,
1191 1957 1278 1990 quae
1293 1946 1553 1988 revellebantur,
1574 1946 1708 1991 quoties

255 1999 390 2039 pontem
417 1994 491 2038 quis
517 1994 663 2027 iunctum
691 1994 805 2027 nollet.
853 1993 950 2026 simul
971 1993 1114 2036 imperat
1141 1992 1261 2031 fabris,
1287 2002 1360 2024 cum
1383 1991 1525 2036 primum
1551 1992 1710 2026 viderent

256 2039 434 2072 exercitum
455 2039 666 2072 Constantini
691 2038 866 2071 iuncturae
890 2038 1000 2082 pontis
1025 2037 1191 2078 insistere,
1214 2036 1335 2069 fibulas
1349 2036 1552 2070 revellerent
1565 2048 1606 2071 ac
1620 2048 1710 2082 pon-

255 2088 327 2117 tem
354 2084 534 2124 solverent,
559 2089 596 2116 ut
613 2088 778 2128 quotquot
801 2083 877 2116 hu?c
901 2082 1113 2123 insisterent,
1145 2081 1180 2114 in
1204 2081 1341 2114 fluvium
1367 2081 1613 2116 delaberentur.
1666 2093 1709 2116 ac

254 2129 444 2163 Maxentius
469 2129 599 2173 quidem
625 2130 708 2161 haec
733 2129 898 2170 struebat,
945 2127 1043 2171 (16)
1068 2126 1310 2159 Constantinus
1336 2131 1446 2160 autem
1472 2138 1545 2161 cum
1559 2127 1709 2161 exercitu

259 2175 398 2208 Romam
420 2184 525 2218 usque
548 2185 746 2217 progressus
773 2176 852 2206 ante
875 2172 990 2205 urbem
1020 2175 1133 2204 castra
1158 2176 1302 2205 metatur
1322 2170 1356 2204 in
1378 2182 1495 2216 campo
1519 2172 1578 2217 qui
1592 2177 1627 2206 et
1638 2172 1710 2206 late

258 2224 354 2265 patet
369 2223 403 2252 et
419 2219 615 2263 equitationi
634 2223 686 2252 est
701 2223 921 2263 opportunus.
959 2217 1150 2250 Maxentius
1169 2217 1315 2250 inclusus
1330 2216 1392 2250 diis
1408 2217 1534 2251 hostias
1547 2217 1709 2260 immolat,

257 2269 291 2298 et
307 2264 487 2309 extispices
503 2264 544 2297 de
560 2264 637 2297 belli
653 2270 775 2297 eventu
800 2262 963 2301 consulit,
987 2262 1068 2306 ipsis
1085 2273 1219 2315 quoque
1235 2261 1405 2306 Sibyllinis
1423 2262 1568 2296 oraculis
1585 2273 1711 2309 perve-

256 2309 399 2354 stigatis.
446 2320 585 2353 cumque
609 2309 814 2353 repperisset
839 2308 1027 2351 oraculum,
1053 2318 1119 2351 quo
1146 2307 1394 2350 significaretur
1416 2308 1450 2341 in
1476 2307 1552 2341 satis
1576 2319 1650 2342 esse
1669 2311 1710 2342 ut

256 2356 315 2400 qui
337 2355 381 2388 ad
407 2354 636 2388 detrimentum
662 2353 777 2398 populi
804 2353 946 2386 Romani
967 2352 1156 2397 spectautiu
1172 2352 1380 2396 designaret,
1405 2352 1586 2387 miserabili
1598 2357 1710 2387 morte

257 2400 396 2446 peritet,
421 2399 464 2433 de
489 2403 594 2432 semet
620 2399 692 2443 ipso
715 2399 747 2431 id
773 2398 941 2431 oraculum
966 2398 1168 2442 accipiebat,
1205 2397 1299 2441 quasi
1323 2397 1380 2442 qui
1408 2398 1546 2431 Romam
1570 2398 1710 2432 adortos

257 2457 397 2490 eamque
413 2455 535 2489 capere
551 2444 738 2487 cogitantes
755 2444 978 2488 propulsaret.
1021 2448 1166 2476 eventus
1189 2448 1300 2475 autem
1321 2443 1552 2487 comprobavit
1568 2442 1603 2476 id
1617 2443 1709 2488 quod

256 2502 374 2524 verum
403 2495 488 2524 erat.
534 2501 609 2522 nam
634 2500 705 2522 cum
733 2488 924 2522 Maxentius
947 2500 987 2521 cx
1004 2489 1087 2521 urbe
1102 2487 1216 2532 copias
1232 2488 1454 2532 produxisset,
1477 2488 1611 2533 iamque
1622 2499 1710 2534 pou-

260 2540 326 2570 tem
351 2546 448 2579 quem
472 2535 544 2580 ipse
565 2535 720 2567 iunxerat
744 2534 952 2576 transiisset,
974 2533 1103 2567 infinita
1127 2533 1291 2577 quaedam
1316 2533 1489 2566 multitudo
1512 2539 1709 2567 noctuarum

261 2581 421 2614 devolans
454 2591 564 2614 muros
593 2579 792 2624 complebat.
850 2578 919 2623 'quo
950 2583 1130 2622 conspecto
1161 2578 1230 2611 suis
1258 2578 1520 2622 Constantinus,
1545 2582 1582 2611 ut
1603 2578 1709 2612 aciem

261 2630 441 2665 struerent,
462 2625 615 2670 imperat.
661 2635 734 2658 cum
750 2625 917 2657 exercitus
932 2624 1086 2667 utrinque
1103 2622 1259 2657 cornibus
1274 2623 1428 2658 adversis
1446 2627 1587 2665 starent,
1611 2623 1709 2667 equi·
1723 2662 1727 2664 λ

260 2675 367 2704 tatum
385 2670 622 2705 Constantinus
637 2669 778 2704 immisit.
834 2668 863 2703 is
883 2669 1066 2713 equitatum
1080 2668 1230 2702 hostilem
1246 2669 1382 2702 adortus
1395 2669 1494 2703 fudit.
1538 2667 1709 2714 peditibus

262 2725 396 2759 quoque
411 2716 506 2760 signo
522 2716 665 2760 sublato,
687 2715 752 2750 rite
767 2714 1018 2760 compositeque
1035 2713 1070 2748 in
1085 2714 1213 2748 hostem
1228 2713 1275 2747 illi
1289 2714 1484 2751 tendebant.
1527 2713 1601 2748 acri
1615 2723 1708 2748 com·
