1774 3002
280 97 310 144 4
800 135 804 138 Δ
816 99 1172 150 ΠΕΙΤΕΒΠΞΙΕΒΙ

277 207 315 240 in
332 204 470 250 imperio
493 204 616 248 socius,
647 216 713 238 non
737 205 830 239 ualet
857 206 955 240 rebus
980 205 1121 248 afflictis
1144 215 1336 239 succurrere
1353 205 1552 250 (37-40).
1598 205 1706 239 Clau-

278 253 373 295 dius,
401 251 543 293 sortiter
566 250 719 285 barbaris
748 251 909 294 repulsis,
942 256 1032 294 peste
1058 255 1228 284 maturam
1252 251 1322 284 obit
1346 255 1485 284 mortem
1506 251 1704 296 (41—45).

280 298 465 338 Quintillus
480 299 596 339 frater
615 296 686 330 eius
703 301 819 339 sponte
835 297 908 330 vita
926 297 1081 336 decessit,
1116 297 1210 329 haud
1225 307 1343 339 parem
1360 307 1396 329 se
1414 301 1514 330 ratus
1533 297 1611 340 (47)
1631 298 1704 328 Au-

278 342 419 380 reliano,
447 342 506 384 qui
522 347 554 375 et
571 342 724 374 barbaris
742 342 938 384 perdomitis
957 346 989 374 et
1008 343 1182 394 tyrannis.
1207 341 1363 385 inprimis
1378 341 1546 382 Zenobia,
1575 342 1705 381 deletis,

274 399 344 421 rem
371 388 536 431 publicam
561 399 628 420 non
654 387 748 419 modo
775 388 924 420 servavit
949 387 1007 419 sed
1027 387 1190 419 institutis
1208 398 1336 430 quoque
1352 387 1493 420 utilibus
1507 390 1595 420 recte
1615 387 1705 419 ordi-

274 433 372 465 navit
393 433 504 475 (48-
516 433 587 474 ΕΞ).
635 432 774 464 Tacitus
796 432 873 475 (63)
895 436 929 465 et
945 432 1128 465 Florianus
1146 431 1225 473 (64)
1254 433 1354 465 breve
1379 436 1509 475 tempus
1527 431 1706 484 imperium

277 482 401 511 tenent.
446 478 594 520 Probus,
627 477 767 522 dignior
797 482 828 511 et
859 478 910 511 rei
937 478 1093 522 publicae
1126 477 1243 519 utilis,
1280 477 1443 511 seditione
1473 477 1621 511 militari
1651 476 1705 510 in-

278 523 459 557 terimitur.

367 590 446 623 Lm.
477 590 519 623 ΙΙ.
568 588 735 622 Ludorum
759 589 1003 632 saecularium,
1046 589 1124 633 qui,
1165 589 1243 622 licet
1271 589 1323 623 rei
1343 588 1502 633 publicae
1533 588 1706 622 Romanae

276 636 464 676 salutares,
500 646 523 667 a
541 635 744 668 Diocletiani
761 639 872 667 tamen
887 640 1030 678 tempore
1045 636 1194 676 neglecti
1213 639 1312 676 sunt,
1334 637 1432 679 origo
1451 639 1483 667 et
1505 634 1705 667 celebratio·-

275 683 327 713 nis
346 681 444 713 ratio.
487 682 661 713 oraculum
684 681 725 713 de
748 681 795 713 eis
813 682 856 722 (c.
877 681 947 713 1—
959 682 1012 723 7).
1059 681 1269 713 Diocletiano
1290 685 1322 713 et
1341 680 1538 713 Constantio
1555 679 1705 722 impera-

276 726 403 758 toribus
425 726 665 758 Constantinus
683 737 705 758 a
723 725 859 758 Galerio
877 725 923 758 ad
938 730 1069 769 patrem
1083 726 1203 769 sugit,
1235 730 1270 758 et
1294 737 1330 758 eo
1347 730 1477 758 mortuo
1495 725 1642 758 succedit
1667 725 1705 756 in

275 771 425 814 imperio.
472 782 537 814 quo
557 771 747 804 Maxentius
773 775 951 803 commotus
973 771 1099 803 Romae
1125 771 1340 814 tyrannidem
1358 776 1499 814 occupat
1518 771 1563 813 (8.
1582 770 1646 812 9),
1682 780 1706 802 a

276 828 343 859 qua
357 827 462 859 neque
479 816 621 849 Severus
646 818 770 848 Caesar
785 827 856 848 cum
877 817 978 859 copiis
1000 816 1118 848 missus
1136 827 1243 859 neque
1257 816 1329 859 ipse
1349 817 1507 849 Galerius
1526 826 1599 848 eum
1618 814 1705 847 deii—-

274 873 346 893 cere
371 865 517 904 possunt.
572 861 644 903 hic,
673 861 803 894 Licinio
823 862 977 905 Augusto
1003 862 1199 902 declarato,
1229 862 1337 905 gravi
1357 862 1467 894 morbo
1495 861 1603 894 vitam
1619 860 1706 902 finit

276 908 347 951 (10.
373 907 447 948 11).
492 906 685 939 Maxentius
711 906 838 949 Libyae
869 907 1060 950 provincias
1096 907 1230 950 cupiens
1253 919 1311 940 suo
1335 907 1527 951 adiungere
1551 906 1705 949 imperio,

276 953 526 992 Alexandrum,
557 952 616 995 qui
645 952 691 983 ibi
712 963 898 995 purpuram
924 956 1133 995 sumpserat,
1164 952 1290 995 proelio
1305 952 1429 985 victum
1446 952 1540 996 capit
1557 955 1591 984 et
1607 954 1706 983 necat

275 997 472 1038 (12—14).
522 996 710 1030 simultates
739 997 777 1029 ob
797 997 1037 1029 Maximiniani
1055 997 1208 1029 Herculii
1227 1001 1368 1030 mortem
1385 998 1474 1030 inter
1495 996 1706 1030 Maxentium

265 1043 382 1085 filium
404 1042 474 1075 eius
498 1046 534 1074 et
556 1042 809 1074 Constantinum
825 1043 946 1075 bellum
969 1042 1133 1085 excitant,
1167 1053 1229 1086 quo
1255 1042 1315 1075 ille
1333 1046 1511 1086 superatus
1527 1043 1706 1086 imperium

275 1098 349 1119 eum
367 1087 440 1120 vita
458 1086 608 1130 perdidit
624 1087 709 1129 ‘(15.
729 1087 802 1129 16).
847 1088 885 1120 in
908 1088 992 1120 bello
1020 1087 1112 1121 inter
1133 1087 1301 1120 Licinium
1324 1092 1358 1121 et
1383 1088 1606 1120 Maximinum
1630 1092 1707 1119 orto

275 1133 329 1165 hic
347 1132 455 1165 victus
474 1133 576 1175 paulo
604 1136 679 1175 post
705 1137 855 1166 mortuus
881 1136 929 1168 est
948 1133 1035 1175 (17).
1079 1143 1238 1175 prospere
1254 1133 1363 1176 gessit
1378 1133 1617 1166 Constantinus
1629 1132 1706 1176 pri-

274 1189 365 1210 mum
385 1189 459 1210 cum
478 1178 608 1210 Licinio
629 1178 750 1211 bellum
769 1178 951 1220 (18-20)
964 1202 974 1218 ,
1010 1181 1044 1210 et
1063 1183 1139 1219 post
1166 1178 1351 1219 victoriam
1365 1179 1408 1212 de
1430 1178 1599 1211 Sarmatis
1624 1177 1705 1220 (21)

273 1223 416 1256 secundo
445 1222 528 1255 bello
552 1223 588 1255 in
602 1227 804 1266 potestatem
820 1233 892 1255 cum
912 1226 1084 1265 acceptum
1102 1233 1200 1255 snam
1220 1223 1355 1256 necavit
1372 1223 1565 1265 (ee—23).
1610 1226 1708 1266 post-

272 1279 376 1312 quam
405 1279 499 1300 omne
527 1267 704 1310 imperium
728 1278 829 1310 penes
853 1267 1112 1299 Constantinum
1139 1271 1235 1309 erat,
1271 1272 1304 1300 et
1330 1278 1435 1301 mores
1459 1272 1573 1301 mutat
1595 1273 1631 1301 et
1653 1267 1706 1300 rei

271 1313 427 1356 publicae
443 1312 615 1344 instituta.
660 1313 780 1344 ritibus
804 1312 927 1355 patriis
953 1311 1074 1354 spretis
1101 1312 1148 1344 acl
1173 1312 1441 1346 Christianorum
1468 1314 1596 1346 accedit
1621 1313 1704 1346 reli—

273 1358 408 1401 gionem
431 1357 528 1399 (29),
551 1367 671 1390 novam
689 1358 819 1397 urbem,
846 1357 997 1399 Cpolim,
1030 1356 1139 1389 sedem
1157 1357 1420 1400 imperantium,
1454 1359 1567 1391 condit
1590 1358 1704 1400 (30—

275 1403 357 1445 32),
389 1404 578 1444 praefectos
601 1402 765 1445 praetorii
786 1402 937 1434 instituit
958 1406 1123 1444 quattuor
1139 1402 1217 1445 (33)
1239 1406 1272 1434 et
1289 1403 1414 1436 limites
1431 1403 1579 1436 militum
1594 1403 1704 1436 nudat

271 1447 443 1491 praesidio
462 1446 551 1488 (34).
566 1447 641 1488 filii
660 1448 731 1480 eius
746 1447 901 1479 Caesaris
918 1447 1122 1491 dignitatem
1136 1448 1304 1486 obtinent‚·
1327 1449 1419 1481 urbis
1436 1449 1549 1492 Cpolis
1564 1449 1705 1492 magni-

273 1493 356 1526 tudo
375 1493 446 1525 iam
464 1493 501 1524 in
519 1493 653 1525 oraculo
674 1493 818 1535 quodam
830 1494 952 1534 suerat
969 1492 1150 1535 praedicta
1171 1492 1243 1535 (36.
1262 1492 1336 1534 37).
1383 1494 1517 1527 aerario
1542 1493 1704 1527 exhausto

272 1549 361 1570 nova
396 1541 428 1570 et
457 1537 599 1571 molesta
632 1538 763 1570 tributa
795 1538 1013 1580 imponuntur
1043 1537 1136 1581 (38).
1198 1538 1231 1570 ei
1260 1542 1393 1573 mortuo
1423 1539 1605 1573 succedunt
1628 1539 1705 1582 filii

351 1607 573 1683 'Crudelitate
591 1653 625 1682 et
645 1648 776 1682 invidia
796 1648 949 1692 auspicia
969 1648 1071 1693 regni
1088 1660 1200 1682 eorum
1217 1654 1297 1683 sunt
1313 1649 1476 1695 insignia.
1522 1650 1560 1684 in
1574 1661 1702 1694 cogna-

272 1700 322 1728 tos
339 1696 447 1728 saevit
469 1694 685 1728 Constantius
703 1694 800 1737 (40),
835 1696 1074 1727 Constantinus
1087 1706 1148 1738 per
1156 1698 1307 1737 fratrem
1321 1696 1412 1744 perit
1428 1695 1508 1739 (41)
1532 1696 1701 1728 Constan-

274 1746 359 1780 tem,
395 1739 474 1782 qui,
508 1740 652 1772 crudelis
674 1744 707 1771 et
727 1739 943 1781 libidinosus,
978 1751 1001 1772 α
1019 1740 1219 1783 Magnentio
1245 1744 1389 1783 tyranno
1407 1752 1424 1773 e
1441 1741 1551 1774 medio
1568 1741 1701 1774 tollitur

274 1784 450 1827 (42).1
448 1784 578 1816 etranio
601 1789 633 1816 et
650 1783 861 1827 Nepotianus
879 1785 1055 1828 imperium
1069 1787 1266 1838 affectantes
1283 1797 1341 1830 spe
1359 1787 1528 1829 excidunt,
1551 1786 1612 1820 ille
1627 1790 1702 1819 arte

274 1829 487 1871 Constantii,
515 1829 570 1861 hic
594 1830 699 1872 copiis
726 1830 920 1873 Magnentii
947 1833 1094 1873 oppressi
1114 1830 1206 1874 (43).
1251 1831 1372 1864 bellum
1392 1842 1467 1864 cum
1484 1831 1595 1865 Persis
1610 1831 1703 1864 male

270 1875 378 1918 gessit
397 1855 629 1917 Constantius,
664 1875 777 1918 magis
795 1886 951 1918 prospere
968 1887 1042 1908 cum
1061 1876 1282 1919 Magnentio,
1315 1877 1373 1920 qui
1390 1878 1427 1908 in
1444 1888 1480 1909 eo
1497 1879 1699 1918 cumfratre

269 1920 426 1953 Decentio
440 1920 529 1962 perit
547 1919 658 1962 (44-
669 1920 742 1960 54).
789 1920 929 1963 Gallus,
959 1921 1113 1954 Caesaris
1143 1921 1316 1963 dignitate
1341 1926 1480 1954 ornatus
1505 1926 1539 1954 et
1567 1921 1700 1955 Orienti

266 1967 480 2008 praefectus,
504 1976 568 2008 per
585 1965 774 1997 calumnias
791 1970 823 1998 et
838 1966 976 2008 imperio
992 1967 1154 2008 privatur
1167 1970 1200 1998 et
1218 1966 1292 1998 vita
1313 1965 1402 2008 (55).

360 2041 440 2073 Lm.
462 2041 526 2073 III.
579 2041 757 2074 Germanis
783 2042 935 2074 Galliam
959 2043 1170 2075 vastantibus
1194 2042 1410 2076 Constantius
1437 2042 1626 2086 lulianum,
1655 2047 1698 2077 ut

270 2086 323 2120 his
343 2086 539 2129 regionibus
562 2091 757 2123 succurrat,
789 2089 963 2120 Caesarem
981 2089 1074 2129 facit
1102 2088 1147 2129 (e.
1172 2089 1203 2120 1.
1223 2089 1280 2129 2),
1313 2088 1372 2130 qui
1395 2092 1433 2120 ut
1456 2093 1537 2121 ant-e
1560 2089 1696 2130 litteris,

269 2143 357 2165 nunc
376 2131 479 2164 armis
496 2142 611 2163 nomen
628 2131 692 2163 sibi
709 2138 897 2174 comparat;
920 2133 1050 2175 proelio
1068 2133 1113 2164 ad
1126 2134 1389 2176 Argentoratum
1405 2133 1696 2176 superiorjactus,

267 2178 359 2221 ipsas
380 2176 598 2208 barbarorum
628 2181 738 2209 terras
765 2178 917 2215 invadit,
950 2189 1000 2210 res
1020 2178 1188 2210 Saliorum
1214 2178 1400 2220 componit,
1433 2184 1466 2212 et
1482 2179 1626 2223 ubique,
1657 2182 1698 2211 ut

267 2222 433 2266 supplices
451 2232 565 2264 pacem
579 2225 709 2264 petant,
734 2222 895 2255 barbaros
912 2224 1002 2265 cogit
1021 2222 1109 2265 (3-
1124 2223 1174 2265 7).
1220 2224 1314 2255 euius
1331 2225 1454 2265 famae
1471 2235 1543 2256 cum
1563 2223 1696 2257 invide-

267 2271 321 2300 ret
339 2266 570 2305 Constantius,
594 2267 708 2298 consil'
701 2278 731 2298 a
750 2269 882 2310 quidem
899 2248 968 2300 deo
957 2279 991 2299 eo
1010 2267 1225 2310 opprimendo
1242 2269 1352 2300 inibat
1371 2269 1447 2311 (8).
1468 2280 1584 2302 verum
1600 2269 1696 2301 mili-

268 2317 337 2356 tes,
370 2322 453 2355 quos
473 2311 538 2344 sibi
557 2310 600 2344 ab
619 2323 655 2343 eo
674 2313 763 2344 mitti
778 2313 941 2355 iusserat,
975 2313 1083 2355 ipsum
1099 2313 1268 2345 Iulianum
1289 2314 1522 2356 imperatorem
1543 2314 1697 2347 salutant

268 2358 334 2399 (9).
376 2357 472 2401 pacis
489 2356 735 2389 condicionibus
751 2360 887 2399 frustra
909 2359 1067 2399 tentatis,
1099 2362 1259 2401 properat
1286 2370 1359 2391 cum
1387 2360 1492 2402 copiis
1514 2370 1554 2392 ea·
1574 2358 1695 2392 Gallia

268 2403 422 2435 lulianus
439 2401 578 2446 agmine
596 2403 712 2437 citato
742 2414 780 2435 ex
799 2403 943 2445 Oriente,
967 2403 1026 2436 ubi
1045 2414 1119 2435 cum
1138 2404 1248 2436 Persis
1266 2403 1499 2448 belligerabat,
1526 2406 1694 2437 Constan-

266 2448 346 2480 tius.
398 2448 460 2480 hoe
485 2451 597 2480 autem
620 2451 747 2480 mortuo
770 2452 950 2490 antequam
979 2449 1095 2492 copiae
1119 2453 1366 2492 concurrerent,
1404 2450 1556 2482 Iulianus
1577 2447 1694 2492 pergit

268 2493 400 2534 Cpolim
419 2491 581 2536 (10.11).
627 2493 724 2524 rebus
749 2493 830 2525 bene
850 2494 887 2525 in
908 2494 988 2526 urbe
1006 2494 1194 2536 compositis
1209 2495 1452 2536 expeditionem
1471 2499 1588 2527 eontra
1606 2494 1693 2526 Per-

265 2548 322 2569 sas
338 2538 478 2581 suscipit
497 2536 584 2580 (12).
634 2538 830 2570 Antiochiae
856 2539 994 2582 aliquod
1021 2543 1150 2581 tempus
1177 2544 1416 2579 commoratus,
1446 2539 1692 2581 hostiumfinee

266 2583 438 2624 ingressus
465 2583 605 2615 castella
629 2583 790 2625 urbesque
814 2585 921 2626 capit
962 2588 994 2616 et
1019 2584 1162 2628 Tigride
1192 2585 1331 2616 traiecto
1359 2585 1497 2617 classem
1525 2583 1684 2616 incendit.

263 2627 414 2660 hostibus
433 2638 598 2670 nusquam
613 2627 650 2660 in
665 2633 871 2671 conspectum
888 2629 1113 2661 Romanorum
1130 2629 1336 2661 venientibus
1351 2629 1512 2662 exercitus
1527 2639 1691 2662 commea-

263 2675 318 2703 tus
336 2673 452 2715 inopia
469 2673 603 2705 laborat
620 2672 736 2715 (13—
747 2674 816 2709 28).
860 2674 986 2763 proelio
1009 2675 1144 2709 tandem
1164 2674 1333 2707 commisso
1351 2674 1503 2707 Iulianus
1526 2674 1635 2708 victor
1651 2684 1690 2705 ω·

262 2716 399 2750 vulnere
418 2718 567 2751 animam
584 2718 731 2762 exspirat
754 2718 847 2761 (29).
