1812 3016
394 118 831 164 COMMENTARIUS
866 120 1216 165 HISTORICUS.
1432 121 1529 168 357

93 224 430 278 interpretandum
446 226 616 266 videtur.
673 235 829 267 auctore
846 230 1057 282 Anonymo
1071 231 1274 268 Bianconii
1291 244 1333 282 p.
1351 232 1429 272 127
1446 244 1528 269 non

94 281 216 321 modo
230 283 347 334 panis
362 282 591 323 distributus
608 291 686 332 est,
724 297 844 338 quem
856 285 1110 336 palatinum,
1148 285 1223 324 hoc
1238 294 1298 324 est
1319 288 1360 324 in
1379 287 1526 338 palatio

95 338 338 386 confectum,
366 340 580 389 vocabant,
609 339 681 378 sed
710 343 829 379 etiam
854 342 1001 379 viritim
1027 355 1116 379 caro
1143 344 1281 379 vinum
1305 349 1345 380 et
1373 344 1526 380 auima-

93 393 163 432 lin.
190 394 248 431 R.
309 393 359 432 de
382 397 599 447 perniciosa
624 394 701 433 hac
722 397 964 435 Constantini
988 397 1217 448 largitione,
1255 411 1331 450 qua
1354 397 1527 436 desidio-

93 461 181 488 sam
202 457 243 488 et
266 449 493 489 seditiosam
508 452 756 503 plebeculam
773 453 891 502 aluit,
922 454 973 492 cf.
990 455 1145 505 Eunap.
1165 455 1242 492 Vit.
1264 452 1388 505 Soph.
1406 467 1448 506 p.
1471 453 1523 496 41

92 506 136 544 in
153 504 338 545 Aedesio.
391 508 455 545 H.

200 575 245 614 p.
260 563 315 603 98
330 575 371 600 v.
387 565 429 605 7.
471 557 671 602 ’διελύετα
729 563 781 601 cf.
800 561 998 602 Themist.
1018 577 1076 602 or.
1096 567 1122 606 8
1140 578 1181 616 p.
1202 563 1270 607 47.

202 616 259 655 ib.
279 630 322 655 v.
339 619 406 660 18.
464 616 513 655 de
538 619 782 668 praefectura
803 627 926 671 praet.
951 627 1068 672 atque
1094 622 1176 658 eius
1204 622 1305 658 circa
1332 631 1526 657 annonam

93 685 186 711 cura
219 671 304 711 vid.
337 674 583 712 Constantini
618 673 915 728 Porphyrogen.
947 675 1135 715 Themat.
1171 677 1200 714 l.
1234 679 1255 718 1
1299 677 1337 714 T
1339 674 1446 713 hem.
1483 677 1526 716 2.

72 777 78 781 ¹
200 783 257 823 ib.
314 780 416 838 ἆρχῆ
436 783 607 836 δευτέρα.
663 784 746 823 vid.
765 787 920 838 Eunap.
936 787 977 823 in
993 789 1194 825 Proaeres.
1217 800 1258 837 p.
1281 787 1375 828 150-
1423 783 1526 822 adde

91 841 245 880 Comm.
266 839 318 878 ad
335 841 365 878 1.
384 843 410 883 8
422 839 484 878 ad
502 842 634 891 legem
652 842 768 879 Corn.
789 842 838 879 de
854 845 966 880 sicar.
983 856 1093 880 num.
1113 845 1155 883 9.
1211 843 1355 879 Ritter.

199 910 242 949 p.
259 898 314 938 99
331 910 372 934 v.
391 899 433 939 7.
488 895 570 934 vid.
592 898 743 935 Comm.
763 897 813 934 ad
831 899 860 935 l.
880 900 905 939 9
924 897 1011 935 cod.
1030 897 1110 935 Th.
1130 896 1327 935 extraord.
1377 897 1521 933 Riuer.

198 952 255 990 ib.
277 965 317 989 v.
337 953 405 992 11.
462 952 685 1004 suppeditat
708 952 774 990 hic
798 954 909 991 locus
935 955 1084 991 Zosimi
1109 967 1197 990 cum
1222 953 1367 991 Notitia
1384 952 1526 1002 Digni-

89 1015 215 1047 tutum
243 1009 446 1059 utriusque
475 1010 631 1060 imperii
661 1010 791 1047 omnia
820 1022 920 1061 quae
949 1009 998 1046 de
1022 1010 1306 1060 praefectorum
1331 1008 1526 1059 praetorio

88 1066 320 1116 magistratu
348 1077 419 1115 per
444 1065 742 1102 Constantinum
763 1073 912 1102 mutato
939 1066 1052 1102 nobis
1081 1079 1132 1102 ex
1156 1067 1387 1116 antiquitate
1407 1065 1526 1100 inno-

89 1126 261 1158 tuerunt.
316 1121 490 1171 primum
518 1123 720 1171 Angustus
748 1120 1018 1158 constituendo
1041 1120 1140 1159 duos
1165 1134 1218 1158 ex
1242 1119 1379 1158 ordine
1402 1131 1526 1170 eque-

88 1178 159 1214 stri
173 1175 410 1228 praefectos,
441 1177 510 1228 qui
528 1178 584 1214 rei
602 1178 782 1214 militaris
801 1190 934 1214 curam
953 1175 1163 1224 haberent,
1193 1174 1298 1213 hunc
1315 1177 1526 1225 magistra-

85 1238 172 1270 tum
190 1234 232 1269 in
248 1244 333 1269 rem
348 1231 547 1283 publicam
563 1232 796 1269 introduxit.
838 1239 1046 1284 sequentes
1062 1234 1316 1283 imperatores
1333 1230 1385 1267 ad
1403 1231 1525 1268 Com-

86 1287 250 1326 modum
268 1299 414 1339 nsque,
443 1295 597 1326 servato
619 1290 788 1339 Augusti
809 1289 1008 1335 instituto,
1038 1290 1158 1325 etiam
1179 1299 1387 1325 numerum
1406 1298 1524 1336 prae-

84 1344 277 1382 fectomm
293 1350 418 1394 praet.
437 1351 659 1391 servarunt,
689 1344 815 1381 donec
830 1343 1090 1391 Commodus,
1119 1350 1163 1381 ut
1180 1345 1236 1380 rei
1254 1343 1435 1394 publicae
1451 1354 1522 1377 cu·-

85 1401 141 1438 τίς
166 1400 354 1437 liberatus
379 1400 646 1451 voluptatibus
674 1402 755 1437 suis
777 1401 904 1450 magis
929 1406 1061 1450 posset
1084 1412 1244 1446 vacare,
1272 1406 1352 1436 tres
1376 1398 1522 1434 consti-

84 1457 160 1494 tuit
174 1455 404 1507 praefectos,
433 1456 575 1507 quibus
593 1457 650 1494 rei
664 1462 749 1493 tum
764 1456 944 1493 militaris
962 1463 1044 1492 tum
1065 1456 1190 1492 civilis
1208 1467 1299 1492 cura
1315 1454 1523 1491 commissa

86 1518 159 1549 est.
201 1518 336 1563 postea
353 1523 424 1562 pro
441 1518 616 1562 tempore
635 1518 674 1549 et
690 1513 922 1549 necessitate
939 1510 1057 1549 modo
1075 1512 1276 1562 pauciores
1294 1508 1411 1546 modo
1429 1509 1521 1559 plu-

84 1580 148 1605 res
174 1568 292 1604 creati
317 1574 407 1604 sunt
420 1595 430 1614 ,
460 1566 585 1605 donec
605 1569 880 1605 Constantinus
897 1568 946 1604 iis
961 1569 1117 1617 penitus
1134 1565 1325 1603 novandis
1344 1566 1522 1601 animum

84 1622 241 1660 adiecit.
267 1621 349 1659 vid.
365 1621 528 1660 Guther.
548 1622 597 1660 de
616 1623 727 1660 Offic.
744 1624 860 1659 Dom.
879 1624 982 1672 Aug.
1000 1630 1038 1659 et
1055 1622 1299 1658 Pancirollus
1312 1622 1352 1656 in
1366 1621 1521 1656 Comm.

85 1678 137 1716 nd
157 1680 278 1716 Notit.
305 1679 480 1728 imperii,
510 1692 563 1715 ex
592 1691 669 1729 quo
689 1671 976 1728 provinciarum
998 1678 1157 1714 nomina
1178 1677 1393 1712 accuratius
1413 1672 1521 1710 indi-

85 1741 171 1772 cata
188 1741 227 1771 et
242 1732 378 1772 ordine
396 1733 582 1786 disposita
598 1732 678 1772 huc
693 1733 903 1772 transferre
921 1740 960 1770 et
976 1745 1066 1770 cum
1081 1733 1273 1770 zosimeis
1289 1742 1470 1781 compara
1477 1742 1519 1766 re

83 1789 192 1829 haud
241 1789 377 1827 ioebit.

138 1848 172 1885 1.
201 1803 435 1896 Izi-{efectus
457 1846 653 1896 praetorio
671 1858 748 1896 per
781 1844 976 1882 Orientem
1002 1850 1180 1895 praeerat
1206 1843 1381 1894 quinque
1406 1839 1518 1877 dioe-

194 1901 362 1940 cesibus.
419 1901 460 1939 I.
496 1902 666 1939 Orientis
692 1907 802 1937 erant
828 1901 1050 1951 provinciae
1075 1911 1154 1937 xv:
1214 1901 1252 1938 1.
1280 1897 1517 1943 Palaestina,

192 1960 236 1999 2.
254 1956 472 2005 Phoenice,
517 1960 556 1998 3.
578 1958 713 2007 Syria,
755 1955 796 1996 4.
820 1957 974 2003 Cilicia,
1014 1955 1055 1996 5.
1079 1957 1252 2007 CypruS,
1294 1955 1334 1994 6.
1355 1952 1515 1998 Arabia,

194 2016 236 2055 7.
263 2014 433 2060 Isauria,
473 2015 511 2054 8.
535 2014 757 2050 Palaestina
780 2012 980 2058 salutaris,
1018 2013 1057 2051 9.
1081 2010 1303 2049 Palaestina
1328 2006 1514 2054 secunda,

196 2071 263 2110 10.
286 2068 482 2106 Phoenice
509 2070 670 2116 Libani,
711 2070 776 2108 11.
803 2066 1105 2119 Euphratensis,
1144 2069 1208 2107 12.
1233 2066 1347 2117 Syria
1365 2065 1514 2101 saluta-

193 2125 266 2172 ris,
308 2127 372 2164 13.
400 2123 621 2172 Osrhoene,
663 2123 727 2164 14.
743 2124 1048 2174 Mesopotamia,
1089 2122 1154 2164 15.
1171 2122 1306 2160 Cilicia
1326 2117 1512 2158 secunda.

193 2180 255 2227 II„
294 2180 473 2230 Aegypti
502 2192 566 2217 vn
615 2184 652 2220 1.
688 2179 815 2230 Libya
850 2181 1045 2230 superior,
1091 2181 1132 2220 2.
1173 2178 1299 2228 Libya
1336 2176 1512 2220 inferior,

192 2237 234 2276 3.
270 2234 467 2285 Thebais,
514 2237 554 2277 4.
583 2238 808 2286 Aegyptus,
857 2235 898 2276 5.
926 2234 1117 2282 Arcadia,
1163 2236 1204 2274 6.
1231 2231 1512 2282 Augustanica.

194 2291 279 2329 III.
300 2291 481 2331 Λεὶαηαε
494 2303 548 2329 x:
580 2293 617 2332 1.
636 2289 871 2342 Pamphylia
884 2320 894 2338 ,
923 2294 964 2332 2.
984 2291 1283 2340 HellespontuS,
1314 2290 1352 2327 3.
1370 2284 1510 2335 Lydia,

191 2345 232 2387 4.
251 2346 419 2396 Pisidia,
458 2349 496 2389 5.
514 2348 711 2398 Lycaonia
724 2376 734 2393 ,
770 2349 810 2386 6.
827 2345 1000 2397 Phrygia
1015 2347 1245 2391 Pacatiana,
1275 2346 1314 2383 7.
1336 2340 1511 2390 Phrygia

191 2402 383 2450 salutaris,
414 2406 453 2444 8.
464 2405 597 2455 Lycia,
627 2406 667 2444 9.
679 2404 805 2450 Caria,
837 2403 902 2442 10.
917 2403 1082 2439 insulae.
1139 2400 1218 2438 JV.
1238 2398 1427 2436 Ponticae
1439 2406 1509 2431 x1:

193 2458 232 2498 1.
252 2458 425 2506 Galatia,
454 2461 494 2499 2.
510 2458 716 2509 Bithynia,
746 2461 787 2499 3.
803 2459 1017 2506 Honorias,
1047 2457 1088 2497 4.
1108 2453 1352 2506 Cappadocia
1368 2452 1507 2502 prima,

191 2513 231 2553 5.
262 2513 505 2565 Cappadocia
534 2513 726 2561 secunda,
756 2515 796 2553 6.
825 2512 1117 2564 Paphlagonia,
1148 2515 1188 2551 7.
1211 2511 1359 2546 Pontus
1387 2507 1508 2543 Pole-

190 2570 412 2618 moniacus,
441 2572 480 2610 8.
502 2571 799 2620 Hellespontus,
828 2571 868 2609 9.
886 2571 1072 2606 Armenia
1092 2568 1240 2617 prima,
1281 2566 1344 2604 10-
1366 2564 1510 2599 Arme-

188 2624 256 2660 nia
274 2625 459 2673 secunda,
476 2627 555 2666 ,11.
574 2627 726 2663 Galatia
742 2626 934 2662 salutaris.
986 2625 1035 2662 V.
1067 2621 1257 2658 Thraciae
1270 2630 1335 2655 w:
1367 2619 1405 2656 1.
1426 2618 1511 2665 Eu-

192 2691 298 2728 1'0Pa‚
327 2684 367 2723 2·
386 2680 570 2728 Thracia,
599 2684 639 2722 3.
659 2682 800 2718 Haemi
814 2682 958 2717 montis
979 2677 1192 2727 Rhodope,
1221 2675 1262 2715 4.
1277 2674 1427 2712 Moesia
1446 2685 1512 2710 se-

193 2734 340 2784 mda‚
369 2737 408 2778 5.
428 2736 611 2789 Scythia,
644 2739 684 2778 6.
703 2736 875 2774 officium
895 2737 969 2773 viri
986 2734 1163 2772 illustris.
