1812 3016
385 100 826 149 COMMENTARIUS
862 100 1215 146 msmmcus,
1433 96 1531 147 34⁵

87 215 207 256 tionis
230 226 380 254 annm
406 215 667 254 centesimum
694 211 894 251 decimum
922 224 1120 264 que-que
1140 209 1418 263 prodiderunt,
1447 211 1530 260 alii,

88 276 135 314 in
152 273 296 327 quibus
313 273 493 312 Valerius
511 273 672 320 Antias,
701 270 834 318 Varro,
862 269 998 306 Livius
1017 275 1056 305 et
1073 270 1330 318 Augustinus,
1360 269 1531 306 centesi„

88 343 203 370 mum
226 342 438 382 quemque.
494 329 653 366 Zosimo
681 339 761 364 non
788 331 965 372 centum,
1003 331 1047 361 nt
1075 337 1281 375 perperam
1313 325 1529 363 Panvinius

89 387 244 434 scibit,
283 385 355 424 sed
379 391 539 423 centum
567 397 612 421 ac
638 382 776 421 docem
795 393 987 419 annorum
1006 381 1271 418 intercessisse
1291 382 1394 418 inter
1408 379 1529 417 luam

88 456 179 482 rum
198 442 479 481 celebrationes
504 440 680 491 singulas
704 439 876 490 spatium
903 437 1088 475 scribenti
1114 434 1185 488 (h.
1205 437 1234 474 l.
1255 443 1294 474 et
1314 450 1349 474 c.
1370 436 1424 486 6)
1453 435 1529 474 ad-

89 497 328 555 stipulantur
355 498 626 539 commentarii
659 495 711 537 15
739 496 914 532 virorum
943 491 1050 544 apud
1078 494 1357 540 Censorinum,
1397 495 1528 530 Hora-

88 557 168 594 tius
185 556 357 593 carmine
377 553 587 599 saeculari,
614 559 651 590 et
670 554 773 589 Acro
798 551 839 587 in
863 551 1142 587 commentario
1162 547 1213 586 ad
1229 548 1337 586 idem
1355 561 1528 591 carmen.

89 610 189 665 quid
206 613 308 649 inter
323 622 391 648 eos
406 611 458 648 sit
478 607 733 657 discriminis,
775 619 828 644 ex
846 604 920 643 hac
936 606 1068 643 tabula
1091 606 1260 655 intelligi
1279 606 1443 656 poterit,
1475 617 1530 645 ex

89 669 303 706 Censorino
330 664 407 718 (de
435 663 500 703 die
529 665 651 702 natali
678 677 713 701 c.
746 662 821 714 17)
853 663 1019 714 aliisque
1049 662 1300 713 scriptoribus
1336 661 1529 698 confecta.

88 726 220 776 priore
234 725 323 762 loco
338 730 515 773 tempora
531 722 573 758 in
598 720 651 762 15
678 721 853 760 virorum
874 720 1164 757 commentariis
1182 724 1316 759 notata
1333 716 1529 776 adscripta

88 782 182 828 sint,
211 780 334 822 altero
351 786 528 829 tempora
546 777 594 814 ab
614 778 773 814 Antiate
793 782 831 812 et
852 775 939 812 aliis
958 774 1115 816 tradita.

146 835 191 888 1)
219 837 303 879 295
322 848 366 872 u.
389 848 423 873 c.
440 836 495 871 Μ.
516 834 694 879 Valerio,
723 832 793 883 Sp.
815 832 999 881 Verginio
1018 844 1118 868 coss.

255 890 301 942 b)
330 890 412 932 245
433 902 455 927 a
470 890 629 928 Valerio
647 887 862 939 Poplicola,
896 894 939 924 ut
958 886 1109 924 Antim
1124 884 1257 924 tradit.

143 947 190 1000 Β)
218 946 300 989 408
319 948 375 984 Μ.
395 946 552 990 Valerio
570 945 735 989 Corvino
755 944 898 987 iterum
913 950 951 981 et
971 943 1014 984 C.
1030 943 1197 982 Poetilio
1216 952 1318 981 coss·

254 1002 302 1055 b)
330 1002 411 1044 305
434 1004 588 1040 Antias.
828 1038 831 1041 .

144 1059 191 1119 ὃ)
217 1060 301 1103 618
319 1060 365 1096 Ρ.
387 1059 569 1096 Cornelio
586 1057 755 1094 Lentulo
776 1062 816 1094 et
835 1056 880 1093 C.
901 1055 1055 1092 Licinio
1075 1056 1247 1093 Varrone
1265 1066 1365 1095 coss.

255 1114 302 1167 b)
330 1116 376 1152 P.
403 1113 570 1152 claudis
593 1111 788 1162 Pulchro,
830 1113 875 1150 C.
895 1113 1008 1149 Iunio
1028 1111 1145 1148 Pullo
1168 1123 1268 1149 coss.
1324 1109 1476 1148 Antias
1491 1117 1532 1150 et

331 1171 488 1208 Livius.

257 1226 298 1279 c)
325 1227 367 1264 in
382 1227 527 1278 tabulis
546 1225 775 1277 Capitolinis
792 1225 848 1262 ita
867 1222 986 1261 huius
1002 1224 1191 1274 temporis
1210 1221 1295 1260 ludi
1319 1221 1533 1273 designem

331 1289 415 1321 tur:
444 1283 534 1320 luda·
549 1282 772 1323 saeculares
790 1287 875 1317 tert.
905 1280 974 1316 Μ’.
994 1280 1179 1317 Aemilio.
1198 1279 1268 1318 Μ’.
1278 1280 1324 1317 F.
1334 1281 1390 1316 Μ.
1402 1280 1532 1320 Livio.

113 1355 118 1358 ’
331 1340 388 1376 Μ.
406 1340 451 1376 Ρ.
470 1340 590 1388 Μ.,Ν.
608 1338 829 1376 Salinatore
845 1337 950 1386 Mag.
969 1348 1000 1373 x
1017 1337 1091 1373 vir.

113 1411 118 1414 ’
145 1393 192 1448 4)
220 1395 303 1436 628
322 1396 378 1433 Μ.
400 1396 566 1432 Manilio
582 1393 733 1446 Lepido
755 1401 792 1430 et
809 1394 856 1430 L.
879 1392 1040 1429 Aurelio
1060 1393 1194 1429 Oreste
1215 1404 1314 1429 coss.

254 1450 301 1504 b)
331 1452 413 1493 605
431 1453 479 1488 L.
499 1452 646 1488 Marcio
670 1450 906 1498 Censorino,
941 1449 998 1486 M.
1022 1448 1185 1490 Manilio
1206 1460 1306 1486 coss.
1362 1446 1532 1494 Antias,

338 1508 482 1552 Varro,
509 1508 665 1544 Livius.

256 1560 297 1613 c)
326 1563 408 1605 608
437 1564 508 1602 Cn.
530 1563 712 1600 Cornelio
729 1561 920 1608 Lentulo,
958 1562 1006 1598 L.
1022 1560 1216 1597 Mummio
1239 1557 1412 1596 Achaico
1432 1571 1533 1596 coss.

329 1620 443 1664 Piso,
461 1619 632 1663 Gellius,
656 1619 832 1662 Cassitoe,
847 1618 1043 1661 Hemina,
1063 1618 1133 1667 qui
1146 1617 1216 1652 illo
1228 1622 1405 1665 tempore
1415 1616 1533 1655 vixit.

146 1672 193 1725 6)
220 1675 303 1716 737
332 1676 376 1712 C.
403 1676 568 1722 Furnio,
615 1675 659 1711 C.
687 1674 800 1711 Iunio
826 1673 963 1710 Silano
992 1685 1092 1708 coss.
1151 1671 1335 1707 celebrati
1363 1676 1454 1707 sunt
1482 1670 1532 1706 ab

202 1731 379 1780 Angusto
400 1738 438 1767 et
456 1733 655 1781 Agrippa,
695 1736 735 1771 et
761 1741 919 1765 carmen
945 1728 1144 1765 saeculare
1168 1727 1216 1763 ab
1236 1727 1399 1764 Horatio
1422 1738 1533 1764 com-

199 1787 375 1837 positum
398 1786 487 1823 fnit.

257 1842 302 1893 b)
330 1844 377 1879 L.
398 1842 611 1879 Censorino
632 1847 670 1878 et
687 1842 742 1878 M.
764 1840 928 1877 Manilio
949 1852 1048 1877 coss.
1106 1838 1300 1877 Ζοείιηιιε.

114 1925 118 1928 -
146 1897 193 1950 6)
221 1899 303 1939 800
327 1898 420 1935 Tib.
446 1896 610 1935 Claudio
630 1898 794 1934 Caesare
813 1896 841 1937 4
858 1903 899 1933 et
917 1897 964 1932 L.
983 1894 1144 1933 Vitellio
1165 1907 1264 1932 coss.
1322 1893 1532 1931 celebratio

201 1954 306 1991 facta
332 1967 412 1992 non
439 1956 540 1992 iusto
568 1952 639 1990 sed
663 1959 871 2003 praecepto
897 1958 1096 2003 tempore,
1134 1952 1190 1987 ita
1226 1957 1270 1988 ut
1291 1962 1373 1987 non
1402 1951 1532 1987 maius

115 2029 118 2031 ·
202 2023 323 2062 quam
343 2012 395 2051 63
417 2022 610 2047 annorum
629 2010 904 2060 interpositum
923 2009 1095 2059 spatium
1116 2013 1231 2044 esset.

145 2066 192 2118 7)
220 2065 297 2107 841
319 2067 545 2103 Domitiano
566 2066 619 2107 14
640 2072 678 2102 et
694 2066 741 2101 L.
758 2066 930 2101 Minucio
951 2064 1054 2101 Rufo
1074 2076 1172 2100 coss.
1200 2074 1331 2113 neque
1345 2059 1409 2098 his
1426 2058 1533 2098 ludis

203 2135 319 2160 suum
347 2129 385 2159 et
411 2124 558 2160 iustum
583 2128 739 2171 tempus
756 2121 852 2159 fuitz
881 2133 977 2157 nam
1002 2120 1259 2171 praeterlapsi
1275 2116 1395 2156 modo
1422 2123 1533 2157 erant

202 2185 292 2230 post
310 2177 427 2216 ludos
449 2179 497 2215 ab
515 2180 694 2227 Augusto
711 2178 909 2214 institutos
933 2178 1011 2218 104
1028 2176 1134 2212 anni.

149 2234 194 2286 8)
222 2226 302 2274 957
322 2235 457 2271 Cilone
476 2237 502 2274 2
522 2241 559 2271 et
579 2233 730 2270 Libone
752 2246 864 2281 coss.,
891 2234 1126 2283 imperatore
1146 2231 1305 2269 Severo.
1334 2225 1421 2265 ludi
1441 2238 1533 2264 sae-2

203 2290 374 2338 culares,
412 2302 640 2342 quanquam
658 2290 859 2339 neglectos
878 2301 945 2325 eos
962 2295 1051 2338 post
1068 2288 1204 2325 Severi
1223 2291 1393 2323 aetatem
1409 2283 1532 2319 fuisse

202 2346 386 2383 Zosimus
410 2347 543 2383 scribit
557 2375 567 2393 ,
607 2343 786 2382 nondum
802 2346 845 2382 in
866 2343 1167 2382 desuetudinem
1186 2343 1386 2379 abierunt:
1427 2338 1535 2374 cele-2

201 2402 328 2438 bratio
346 2403 452 2438 enim
469 2415 604 2439 eorum
620 2408 837 2438 memorata
857 2408 928 2449 est,
947 2407 1124 2451 tempore
1142 2399 1318 2449 legitimo
1338 2394 1535 2443 neglecto·

146 2457 193 2508 9)
226 2459 332 2497 1000
348 2471 390 2494 u.
411 2471 444 2494 c.
463 2456 649 2508 Philippo
669 2463 779 2508 patre
799 2460 823 2498 3
851 2464 890 2494 et
917 2457 998 2494 filio
1023 2459 1047 2496 3
1071 2469 1168 2492 coss.
1199 2451 1305 2503 apud
1323 2452 1485 2499 EutrOP·
1508 2450 1536 2488 9

204 2515 253 2560 3,
300 2512 518 2553 Cassiodor.
549 2521 588 2550 et
611 2513 756 2550 Euseb.
785 2511 929 2550 Chron.
961 2519 1000 2550 et
1026 2513 1124 2548 item
1152 2512 1195 2547 in
1225 2508 1370 2546 numiS.
1427 2502 1535 2555 quod

202 2569 395 2606 panvinio
412 2569 589 2606 tradente
606 2571 647 2606 in
666 2581 787 2607 numo
806 2570 939 2621 aliquo
962 2569 1126 2618 legitur,
1167 2563 1377 2602 Gallienus
1395 2561 1534 2610 Aug-2

205 2624 255 2660 ab
281 2625 403 2661 altera
427 2625 647 2662 saeculares
663 2625 781 2676 Aug.
794 2653 811 2671 ‚
838 2625 882 2662 id
899 2637 1029 2675 neque
1054 2634 1143 2662 cum
1170 2618 1357 2669 temporis
1383 2617 1534 2657 ratione

204 2692 422 2729 congruum
446 2688 505 2720 est
521 2694 652 2735 neque
670 2681 836 2723 alicuius
856 2680 1054 2732 scriptoris
1075 2675 1299 2715 testimonio
1324 2673 1534 2713 auctorita-

205 2739 288 2773 tem
302 2737 456 2788 accipit.
590 2736 596 2740 ”
