1774 3002
252 126 315 172 68
869 121 1063 166 ZOSIMI

253 239 333 293 θὴν
356 237 519 287 ἕκαστος
539 237 647 294 φέρει
665 237 730 278 καὶ
754 233 919 288 κύαμον.
988 235 1053 276 καὶ
1073 239 1160 284 ταῖς
1179 232 1362 290 Μοίραις
1376 231 1517 289 ἄγουσι
1533 249 1684 275 παννυ-

250 309 368 361 χίδας
395 305 496 360 μετὰ
526 302 762 358 σεμνότητος
785 304 823 344 ἓν
846 304 965 353 νυξίν.
1031 300 1240 351 ἐνστάντος
1269 301 1312 344 δὲ
1340 305 1413 343 τοῦ
1436 298 1584 358 χρόνου
1612 305 1684 355 τῆς

255 374 414 431 ἑορτῆς,
454 372 503 427 ἢν
524 373 564 414 ἒν
585 373 711 428 τρισὶν
730 369 895 427 ἡμέραις
918 371 959 411 ἓν
979 375 1034 426 τῷ
1056 375 1127 412 τοῦ
1142 369 1289 426 Ἄρεως
1315 369 1533 411 ἓπιτελοῢσι
1560 369 1683 425 πεδίῳ

254 444 318 484 καὶ
339 448 426 491 ταῖς
447 441 552 489 ἴσαις
580 441 690 490 νυξί,
725 442 962 494 καθιεροῦτο
990 437 1040 479 τὰ
1069 435 1285 491 τελούμενα
1318 436 1431 493 παρὰ
1455 436 1528 491 τὴν
1554 435 1683 490 ὄχθην

253 514 325 553 τοῦ
347 508 579 564 Θύμβριὸος
610 508 650 549 ἒν
677 511 733 563 τῷ
753 505 945 562 Τάραντι.
1010 503 1159 548 θύουσι
1191 506 1235 547 δὲ
1264 508 1376 554 θεοῖς
1398 505 1469 546 Διὶ
1490 506 1556 546 καὶ
1569 502 1715 562 “Ηρςι5

252 579 318 619 καὶ
328 575 540 619 Ἀπόλλωνι
559 576 625 616 καὶ
638 577 781 629 Λητοῖ
793 572 1077 630 καὶἈρτέμιὸι,
1098 575 1162 615 καὶ
1182 573 1342 629 προσέτι
1361 589 1402 628 γε
1416 573 1598 628 Μοίραις
1616 573 1684 613 καὶ

252 646 498 693 Εἶλειθυιάις
516 646 582 684 καὶ
597 641 785 698 Δήμητρι
804 643 869 683 καὶ
881 640 992 697 Ἄιὸῃ
1011 643 1075 683 καὶ
1093 638 1346 697 Περσεφόνῃ,
1413 645 1462 697 τῇ
1484 641 1527 682 δὲ
1543 638 1683 696 πρώτῃ

251 718 329 755 τῶν
350 715 531 768 θεωριῶν
553 712 663 751 νυκτὶ
685 710 870 765 δευτέρας
899 708 1006 765 ὥρας
1033 707 1053 750 ὃ
1087 706 1343 764 αὐτοκράτωρ
1371 708 1434 749 ἐπὶ
1457 708 1529 762 τὴν
1552 707 1683 762 ὄχθην

250 785 320 822 τοῦ
341 783 523 832 ποταμοῦ
549 781 668 834 τριῶν
691 777 1101 833 παρασκευασθέντων
1121 780 1272 829 βωμῶν
1299 782 1405 832 τρεῖς
1432 774 1557 831 ἄρνας
1588 773 1682 817 θύει

250 847 351 901 μετὰ
374 851 454 888 τῶν
480 845 685 887 δεκαπέντε
704 845 878 900 ἀνδρῶν,
920 846 985 885 καὶ
1005 844 1098 893 τοὺς
1116 843 1282 897 βωμοὺς
1306 841 1565 896 καθαιμάξας
1587 841 1677 885 ὃλο-
1693 848 1737 884 10

250 921 395 956 καυτοῖ
410 914 458 956 τὰ
477 912 657 966 θύματα.
725 913 1115 966 κατασκευασθείσης
1134 912 1176 952 δὲ
1196 915 1342 965 σκηνῆς
1363 912 1474 965 δίκην
1491 909 1682 967 θεάτρου,

251 987 366 1038 φῶτα
389 980 601 1023 ἄνάπτεται
621 981 686 1021 καὶ
707 978 834 1035 πυρά,
869 981 934 1022 καὶ
955 978 1078 1033 ῧμνος
1097 978 1232 1038 ᾄδεται
1252 980 1391 1020 νεωστὶ
1410 979 1682 1033 πεποιημένος,

248 1051 417 1106 θεωρίαι
438 1066 480 1091 τε
502 1049 741 1104 ἱεροπρεπεῖς
762 1047 936 1103 ἄγονται.
1004 1048 1228 1100 κομίζονται
1248 1047 1292 1088 δὲ
1315 1046 1353 1088 οἷ
1373 1050 1501 1088 ταῦτα
1520 1051 1684 1088 ποιοῦν-

249 1135 312 1167 τες
331 1116 482 1171 μισθὸν
502 1116 575 1165 τὰς
596 1115 781 1171 ἀπαρχὰς
800 1120 878 1158 τῶν
898 1119 1074 1171 καρπῶν,
1108 1115 1218 1156 σίτου
1238 1115 1306 1156 καὶ
1327 1118 1474 1171 κριθῆς
1491 1116 1558 1156 καὶ
1579 1112 1681 1156 κυά-

247 1199 356 1238 μων·
392 1179 510 1226 αὗται
527 1181 626 1240 γάρ,
665 1181 719 1233 ὥς
739 1183 894 1239 εἴρηταί
910 1200 979 1236 μοι
989 1214 1003 1234 ,
1037 1184 1104 1224 καὶ
1122 1185 1180 1239 τῷ
1198 1180 1313 1239 δήμῳ
1334 1183 1452 1224 παντὶ
1474 1183 1680 1236 διανέμον-
1693 1183 1736 1219 15

246 1269 327 1294 ται.
394 1256 445 1308 τῇ
474 1252 517 1293 δὲ
545 1250 646 1304 μετὰ
677 1249 824 1304 ταύτην
854 1249 984 1307 ἡμέρα
1013 1252 1068 1299 εἷς
1094 1250 1140 1291 τὸ
1168 1247 1424 1291 Καπετώλιον
1449 1248 1680 1303 ἀναβάντες,

247 1320 459 1361 κάνταῦθα
489 1318 560 1367 τὰς
590 1318 868 1371 νενομισμένας
891 1318 1041 1366 θυσίας
1060 1315 1397 1373 προσαγαγόντες,
1430 1317 1613 1359 ἐντεῦθέν
1638 1334 1681 1360 τε

243 1388 305 1428 ἐπὶ
327 1387 371 1428 τὸ
394 1386 752 1438 κατεσκευασμένον
772 1386 945 1441 θέατρον
966 1383 1151 1433 ἐλθόντες
1158 1415 1171 1434 ,
1196 1384 1268 1434 τοὶς
1287 1385 1462 1440 θεωρίας
1479 1385 1681 1427 ἐπιτελοῦ-

241 1470 305 1496 σιν
320 1452 535 1495 Ἀπόλλωνι
557 1454 622 1494 καὶ
644 1453 855 1509 Ἀρτέμιδι.
923 1457 972 1508 τῇ
997 1453 1040 1510 df*
1059 1451 1161 1505 μετὰ
1181 1450 1328 1506 ταύτην
1351 1450 1480 1511 ἡμέρᾳ
1500 1460 1681 1508 γυναῖκες

240 1523 445 1575 ἐπίσημοι,
479 1520 582 1562 κατὰ
603 1520 674 1574 τὴν
698 1519 806 1576 ὥραν
825 1519 874 1573 ἢν
894 1517 915 1562 ὃ
933 1520 1117 1576 χρησμὸς
1137 1517 1416 1576 ὑπηγόρευσεν,
1445 1522 1500 1570 εἷς
1519 1520 1564 1563 τὸ
1585 1522 1734 1562 Koa-2⁰
1772 1572 1774 1574 q

242 1587 432 1631 πετώλιον
453 1592 718 1630 συνελθοῦσαι
734 1586 980 1629 λιτανεύουσι
1000 1587 1068 1629 τὸν
1080 1586 1176 1629 θεὸν
1188 1589 1254 1628 καὶ
1273 1585 1465 1640 ὑμνοῦσιν
1477 1586 1532 1637 ὥς
1547 1589 1680 1642 θέμις.

241 1654 371 1717 ἡμέρᾳ
392 1657 435 1698 δὲ
451 1657 564 1713 τρίτῃ
585 1656 625 1698 ἒν
647 1659 703 1714 τῷ
722 1655 825 1698 κατὰ
844 1655 889 1697 τὸ
911 1653 1105 1698 παλάτιον
1125 1653 1373 1705 Ἀπόλλωνος
1394 1655 1488 1713 ἱερῷ
1509 1657 1595 1712 τρὶς
1614 1658 1679 1698 ε’ν-

334 1787 353 1819 1
377 1781 529 1828 ,Μύραις
550 1783 620 1819 LP.
802 1785 826 1819 2
849 1787 908 1817 aut
930 1782 1102 1817 delendum
1124 1783 1189 1817 hoc
1211 1779 1251 1817 ἐν
1273 1772 1398 1827 νυξὶν,
1421 1786 1480 1818 aut
1500 1783 1678 1828 legendum

330 1826 438 1863 ἐννέα
459 1829 574 1871 νυξὶν.
620 1829 666 1862 Η.
826 1830 870 1863 10
892 1824 1084 1863 ὁλοκαυτεῖ
1102 1829 1141 1862 P.
1277 1831 1317 1863 11
1345 1829 1451 1873 δίκην
1472 1829 1677 1864 Panvinius:

330 1873 415 1917 δίχα
442 1875 555 1918 vulgo.
741 1874 784 1909 13
804 1873 971 1916 θεωρίαι.
1017 1885 1049 1908 v.
1076 1873 1202 1918 Spanh.
1225 1874 1268 1908 ad
1291 1874 1486 1909 Callimaeh.
1507 1875 1622 1919 hymn.
1641 1875 1676 1909 in

328 1919 449 1954 Delum
474 1933 507 1965 p.
530 1920 596 1954 369
628 1919 695 1953 553
718 1923 753 1953 et
774 1919 850 1953 548.
896 1920 941 1952 R.
1050 1920 1092 1954 17
1114 1917 1359 1962 προσάγοντες
1380 1919 1452 1953 LP.
1541 1921 1590 1955 22
1609 1931 1675 1955 non

329 1975 414 2009 opus
436 1970 488 1999 est
510 1969 548 1998 ut
569 1975 642 1998 cum
661 1964 727 1999 Th.
744 1964 885 1998 Smithio
909 1960 987 2010 αῗρᾳ
1010 1975 1072 2010 pro
1090 1960 1210 2010 ἡμέρᾳ
1230 1964 1374 2008 legatur,
1395 1964 1426 1998 si
1446 1964 1544 1998 modo
1567 1965 1677 2000 verba

236 2074 333 2109 deum
350 2078 386 2108 et
399 2074 493 2108 fabas
507 2073 647 2118 quisque
663 2075 773 2108 aufert
783 2099 793 2116 ‚
818 2084 858 2107 ac
871 2073 990 2108 Parcis
1005 2078 1184 2107 nocturnos
1198 2073 1296 2108 ludos
1313 2077 1406 2108 caste
1421 2074 1607 2120 pudiceque
1621 2076 1675 2110 sa-

237 2120 341 2154 ciunt.
386 2119 443 2152 ubi
457 2119 607 2152 ludorum
624 2124 749 2164 tempus
765 2119 922 2164 appetiit,
950 2130 1033 2163 quos
1047 2118 1155 2152 tribus
1171 2118 1286 2152 diebus
1303 2119 1507 2164 totidemque
1522 2121 1675 2156 noctibus

234 2165 270 2199 in
293 2175 408 2208 eampo
425 2164 548 2197 Martio
572 2165 715 2207 faciunt,
748 2164 878 2198 hostiae
903 2169 1042 2208 propter
1064 2164 1168 2207 ripam
1185 2164 1322 2198 Tiberis
1345 2165 1389 2198 ad
1408 2165 1591 2200 Tarentum
1609 2166 1674 2200 diis

234 2214 485 2244 consecrantur.
515 2210 565 2242 his
581 2215 689 2243 autem
707 2209 770 2243 diis
786 2221 855 2243 rem
870 2220 998 2242 sacram
1016 2209 1152 2250 faciunt,
1174 2209 1331 2242 videlicet
1345 2210 1418 2243 lovi
1435 2211 1551 2244 lunoni
1567 2212 1673 2256 Apol-

233 2254 291 2289 lini
308 2255 457 2288 Latonae
474 2254 609 2295 Dianae.
626 2260 693 2288 tum
711 2260 844 2299 praeter
858 2254 918 2286 hos
933 2253 1050 2287 Parcis
1066 2260 1101 2287 et
1115 2253 1249 2287 Lucinis
1263 2259 1298 2288 et
1314 2254 1430 2288 Cereri
1446 2261 1482 2289 et
1498 2255 1568 2289 Diti
1583 2256 1674 2301 putri

236 2306 272 2335 et
286 2299 519 2344 Proserpinae.
564 2299 670 2344 prima
684 2304 782 2333 nocte
797 2299 1073 2344 spectaculorum,
1093 2299 1136 2332 ad
1153 2300 1263 2332 horam
1278 2301 1468 2343 secundam,
1483 2301 1590 2335 tribus
1604 2302 1672 2335 aris

234 2345 268 2379 in
283 2346 359 2390 ripa
373 2344 516 2378 fluminis
531 2345 729 2377 constructis
745 2344 927 2388 imperator
945 2356 1018 2377 cum
1035 2344 1100 2377 XV
1115 2344 1195 2377 viris
1210 2350 1280 2378 tres
1295 2356 1401 2388 agnos
1415 2345 1537 2388 caedit,
1553 2349 1589 2380 et
1603 2346 1672 2380 aris

233 2390 396 2434 sanguine
410 2389 568 2434 respersis
582 2389 698 2423 solitas
714 2389 863 2423 victimas
878 2389 1000 2423 adolet.
1046 2401 1147 2423 scena
1162 2401 1243 2422 vero
1258 2389 1362 2424 instar
1375 2390 1500 2425 theatri
1514 2398 1672 2426 constru-

235 2440 301 2477 cta,
323 2435 445 2469 lumina
463 2446 536 2468 cum
551 2435 644 2478 rogis
659 2435 883 2468 accenduntur
901 2441 935 2468 et
949 2435 1090 2477 hymnus
1105 2445 1222 2468 recens
1237 2435 1347 2468 factus
1361 2435 1504 2477 canitur,
1520 2436 1671 2481 adeoque

233 2481 427 2525 spectacula
451 2485 673 2513 consentanea
692 2479 795 2513 rebus
810 2479 928 2513 divinis
945 2480 1097 2513 eduntur.
1153 2484 1189 2512 et
1210 2479 1295 2513 haec
1314 2481 1370 2524 qui
1387 2486 1573 2526 peragunt,
1606 2493 1669 2526 pro

233 2526 388 2559 mercede
404 2525 562 2570 primitias
578 2526 754 2566 fructuum,
779 2525 880 2558 tritici
898 2525 1012 2558 hordei
1030 2526 1192 2566 fabarum,
1211 2525 1393 2570 accipiunt:
1417 2537 1488 2560 nam
1503 2526 1592 2566 illae,
1607 2538 1667 2560 ceu

232 2570 356 2605 dictum
372 2577 443 2612 est,
472 2574 508 2604 et
523 2570 678 2604 universo
692 2570 816 2614 populo
831 2570 1084 2606 distribuuntur.
1131 2569 1288 2614 postridie
1304 2582 1485 2604 conscenso
1500 2571 1668 2615 Capitolio

233 2620 270 2648 et
284 2616 451 2649 consuetis
465 2615 583 2650 ibidem
599 2615 776 2648 immolatis
790 2615 918 2655 hostiis,
932 2616 973 2648 ad
991 2619 1214 2650 constructum
1229 2614 1306 2649 inde
1320 2617 1485 2650 theutrum
1500 2617 1669 2660 progressi

231 2661 377 2704 Apollini
393 2667 427 2694 et
440 2661 568 2695 Dianae
580 2660 676 2695 ludos
691 2660 825 2694 faciunt.
870 2660 1056 2704 insequenti
1079 2659 1133 2693 die
1157 2665 1327 2694 matronae
1348 2660 1475 2695 nobiles
1496 2662 1537 2695 ad
1553 2661 1668 2695 horam

231 2705 274 2738 ab
299 2706 434 2739 oraculo
456 2705 669 2740 constitutam
689 2704 723 2740 in
739 2705 939 2751 Capitolium
955 2704 1192 2739 couvenientes
1207 2705 1271 2739 deo
1287 2706 1475 2750 supplicant
1489 2711 1524 2740 et
1538 2706 1667 2750 hymnis

232 2760 318 2794 eum,
342 2763 401 2784 ceu
418 2752 470 2785 fas
486 2755 549 2793 est,
571 2751 751 2786 celebrant.
798 2750 852 2785 die
867 2750 966 2785 tertio
981 2751 1014 2785 in
1031 2749 1194 2796 Apollinis
1210 2751 1295 2791 aede
1311 2751 1464 2787 Palatina
1480 2756 1535 2787 ter
1547 2762 1669 2787 novem
