1812 3016
447 80 888 125 COMMENTARIUS
913 79 1220 125 EISTORICU
1220 80 1264 124 S.
1479 78 1576 128 413

244 191 377 243 p.288
392 203 432 229 v.
452 192 521 233 ΞΟ.
567 191 725 229 Orosius
739 191 785 242 (7
813 190 886 242 87)
907 197 947 228 et
961 189 1175 229 Iomandes
1192 189 1262 242 (de
1278 203 1447 230 sucoess.
1465 197 1576 242 regn.

134 260 171 285 ο.
190 246 271 298 96)
296 251 506 285 numerant
531 246 631 297 plu-r
657 261 778 298 quam
805 247 975 285 ducenta
1001 247 1135 298 milch.
1174 248 1215 284 in
1244 248 1388 299 quibus
1417 248 1576 286 fuerunt

132 302 244 341 mille
265 309 303 340 et
321 302 480 341 ducenti
502 304 711 354 optimates
732 303 1024 355 (κεφαλιαῖται).

241 371 283 410 Ρ.
303 360 385 402 284
406 373 446 397 v.
461 361 502 399 Ξ.
558 361 723 396 Romam
742 359 1081 411 appropinquabat
1098 356 1238 396 hostis.
1295 359 1348 397 cf.
1366 360 1577 410 Augustin.

130 426 250 453 cerm.
279 417 355 457 105
374 429 408 453 ο.
431 416 483 456 10
503 421 543 452 et
566 413 615 452 de
637 416 712 452 civ.
737 414 801 452 dei
822 415 848 455 5
877 418 945 457 23.

241 469 296 507 1⁶1²-
316 483 355 508 V·
374 475 415 513 3.
470 469 515 511 ἐν
530 473 586 525 τῷ
608 468 766 525 Τικήνῳ
781 473 854 522 τῆς
869 473 1124 523 Λιγυστικῆς.
1181 470 1279 508 olim
1299 471 1484 508 Ticinum
1505 472 1575 508 In-

129 526 305 565 subn-ium
319 528 360 564 in
377 525 661 577 Transpadana
683 533 779 565 erat.
837 533 876 563 at
891 525 967 564 hoc
986 534 1162 578 tempore
1178 526 1350 563 secunda
1363 528 1575 576 provincia

128 583 320 633 Liguria,
346 584 391 620 in
414 596 495 633 qua
521 582 800 620 Mediolanum
827 590 884 619 est
910 590 947 619 et
976 584 1153 628 Ticinus,
1190 595 1294 633 quae
1317 582 1399 619 alio
1419 584 1575 620 nomina

129 639 262 689 Papia
279 638 437 688 (Paria)
461 638 701 688 appellatur.
761 639 891 676 Paull.
909 640 1022 676 Diae.
1042 639 1222 689 Langob.
1240 642 1268 680 2
1299 639 1364 679 15.
1422 639 1484 676 II.

236 693 291 731 ib.
313 707 352 731 v.
373 697 414 735 7.
468 693 736 745 Rodogaisum
761 702 873 732 extra
893 696 1051 732 ltaliam
1073 693 1125 732 ad
1145 697 1288 732 Istrum
1309 707 1331 731 a
1352 693 1572 732 Stilichone

127 747 301 788 delemm
317 763 425 796 esse,
453 752 631 788 omnium
652 763 752 788 unus
773 752 956 788 Zosimus
975 749 1116 798 tradit,
1161 763 1280 802 quem
1301 757 1344 787 ut
1366 763 1457 788 cum
1475 751 1571 788 reli-

126 807 215 858 quis
236 806 488 858 scriptoribus
517 808 559 844 in
589 805 837 844 concordiam
862 805 1038 857 redigat,
1074 809 1129 844 ita
1146 807 1410 844 Leunolavius
1432 819 1571 844 emen-

126 859 207 910 dat,
236 869 280 899 ut.
296 860 528 914 ΡωἼστρον
547 860 866 914 εοτίὺαῑἍρνον,
897 864 1035 900 Italiae
1050 862 1228 899 fluvium.
1286 863 1569 900 Tillemontius

126 917 175 969 (t.
193 917 220 958 5
240 931 280 968 p.
299 920 378 959 807
397 925 478 955 not.
499 918 573 969 21)
595 925 751 965 monet,
795 919 978 956 euntibus
1003 932 1026 955 a
1052 920 1195 956 Ticino
1214 919 1477 967 Florentiam,
1517 917 1570 955 ad

125 986 244 1025 quam
260 972 384 1011 hostis
402 981 606 1025 superatus
629 981 700 1022 eat,
729 976 882 1012 Arnum
899 974 1183 1012 transeundum
1197 987 1277 1012 nou
1296 975 1432 1012 fuisse.
1491 972 1569 1011 du-

123 1029 225 1067 bites
245 1042 296 1067 an
314 1025 538 1081 Ἠριδανός,
568 1031 726 1075 Padus,
751 1030 981 1068 scribendus
997 1033 1060 1078 sit,
1091 1032 1159 1082 qui
1178 1043 1200 1067 a
1220 1032 1363 1068 Ticino
1381 1029 1568 1068 adversus

123 1083 280 1123 hostem
299 1085 526 1136 procedenti
542 1085 795 1132 traiiciendus
816 1093 921 1136 erat5
956 1100 1048 1124 eum
1070 1085 1295 1138 Ataulphua
1314 1099 1472 1139 quoque
1493 1085 1567 1124 de-

123 1153 329 1180 scensurus
347 1143 389 1178 in
407 1143 561 1180 Italiam
576 1143 740 1181 traiecit.
1526 1142 1555 1172 θ

230 1196 286 1235 ih.
322 1210 363 1235 v.
390 1199 431 1239 8.
489 1197 730 1251 διέφθειρεν.
787 1199 888 1236 iusto
913 1198 1078 1249 proelio.
1139 1198 1299 1236 Orosius
1329 1197 1566 1235 miraculum

120 1264 283 1304 augens,
312 1255 354 1292 in
374 1254 570 1292 montibus
585 1255 814 1292 Faesulanis
835 1255 1020 1292 barbaros
1036 1254 1201 1305 periisse
1223 1254 1329 1291 fame
1350 1253 1498 1291 scribit.

230 1307 287 1346 ib.
311 1322 351 1347 v.
373 1310 440 1351 10.
496 1323 588 1347 cum
609 1309 814 1348 duodecim
833 1310 995 1347 milibuo
1014 1311 1267 1360 optimatum,
1306 1307 1566 1361 Olympiodo-

118 1376 200 1403 τοι.
255 1366 420 1411 testibus
437 1367 658 1417 Augustino
678 1373 717 1403 et
733 1367 871 1404 Orosio
883 1395 895 1414 ,
923 1368 1063 1417 ingens
1079 1366 1333 1403 barbarorum
1353 1364 1566 1403 multitudo

118 1427 232 1471 capta
256 1427 296 1458 et
318 1422 497 1459 maxima
525 1435 579 1459 ex
610 1429 720 1474 parte
748 1423 819 1459 vili
850 1424 975 1473 pretio
1011 1421 1169 1459 vendita
1195 1429 1277 1470 θείς
1318 1420 1566 1473 Rodogaisus

116 1476 202 1527 ipse
220 1476 526 1528 comprehensus
545 1479 648 1515 iuter
666 1480 840 1529 captivos
858 1478 1021 1516 affectus
1038 1478 1233 1528 supplicio
1254 1484 1326 1514 est.

226 1531 281 1570 ib.
302 1546 340 1571 v.
362 1534 428 1576 14.
485 1532 535 1571 de
554 1534 774 1571 Ravennae
794 1535 945 1584 origine
964 1534 1074 1571 locus
1090 1533 1154 1570 hic
1170 1546 1251 1570 non
1270 1534 1372 1584 sugit
1390 1534 1566 1583 sagacis-

115 1587 263 1626 simum
282 1589 576 1640 indagatorem,
606 1591 762 1627 Cluver.
779 1590 868 1626 Ital.
894 1596 975 1626 aut.
997 1591 1066 1640 qui
1091 1587 1286 1626 videndus
1307 1602 1348 1639 Ρ.
1368 1590 1450 1629 801
1473 1600 1565 1639 sqq.

115 1644 276 1682 Asinius
301 1645 547 1691 Quadratus,
577 1652 713 1683 auctor
731 1643 918 1682 historiae
938 1645 1205 1697 χιλιετηρίδος,
1233 1645 1282 1681 ab
1301 1657 1342 1681 u.
1361 1657 1395 1680 c.
1416 1643 1469 1680 ad
1489 1656 1565 1680 an-

114 1712 213 1736 num
230 1701 484 1739 millesimum
504 1700 708 1738 deductae.
765 1701 825 1737 H.
879 1732 886 1737 ,

226 1754 282 1793 ib.
298 1771 338 1794 v.
363 1756 427 1796 15.
483 1756 565 1795 vid.
584 1755 679 1806 dias.
702 1756 752 1794 de
770 1756 953 1804 zosimo,
984 1761 1024 1792 et
1041 1753 1208 1793 Photiuz
1226 1768 1268 1806 p.
1292 1756 1391 1804 180,
1419 1754 1560 1791 Fabri-

113 1811 196 1849 cius
221 1817 250 1848 t.
273 1814 300 1852 6
317 1826 358 1864 Ρ.
377 1814 473 1853 237.

224 1866 278 1904 ih.
302 1882 341 1906 v.
363 1869 427 1908 18.
458 1875 517 1906 est
534 1867 705 1905 Asinius
729 1866 976 1918 Quadratus,
1004 1864 1213 1904 historicus
1230 1867 1445 1905 Romanus.
1475 1864 1558 1903 vid.

111 1930 267 1974 praeter
285 1925 468 1962 vossium
486 1924 740 1962 Casaubonus
756 1923 807 1961 ad
828 1923 1037 1973 Capitolini
1055 1924 1203 1961 Verum
1220 1935 1255 1960 c.
1275 1926 1316 1964 7.
1351 1922 1497 1959 Cellar.

222 1992 263 2030 p.
284 1981 365 2021 285
382 1993 421 2017 v.
442 1980 509 2021 15.
566 1980 618 2017 cf.
641 1978 957 2031 olympiodorus.

222 2048 263 2086 p·
293 2038 375 2076 286
405 2049 445 2073 V.
472 2038 539 2076 11.
594 2037 731 2073 Italiae
761 2043 981 2073 extremam
1012 2034 1151 2072 urbem
1181 2034 1379 2071 Emonam
1406 2033 1556 2070 faciunt

110 2090 356 2129 Herodianus
375 2093 402 2132 8
433 2093 456 2132 1
469 2120 480 2139 ,
518 2092 763 2142 Capitolinus
782 2093 823 2129 in
842 2092 1051 2128 Maximin.
1075 2104 1109 2128 c.
1130 2091 1197 2138 21,
1227 2088 1333 2127 unde
1353 2102 1375 2126 a
1398 2089 1555 2126 valesio

112 2146 172 2195 (in
186 2148 385 2184 Ammian-
404 2149 460 2188 28
491 2147 562 2198 10)
584 2155 743 2185 notatur
757 2148 960 2194 Zosimus,
1001 2146 1108 2198 quod
1130 2148 1233 2183 inter
1249 2146 1497 2182 Pannoniam
1516 2150 1556 2180 et

109 2203 296 2240 Noricum
325 2210 459 2254 ponat.
518 2211 558 2241 at
576 2204 830 2241 Casaubouus
847 2204 889 2240 in
908 2201 948 2239 d.
968 2203 996 2239 l.
1018 2203 1249 2253 Capitolini,
1278 2202 1461 2244 Emona,
1490 2201 1557 2236 in-

109 2259 218 2309 quit,
258 2260 494 2296 Pannoniae
518 2261 728 2309 superioris
755 2258 850 2296 urbs
860 2272 878 2304 ‚⁷
915 2259 959 2295 in
972 2258 1132 2306 finibus
1155 2259 1239 2294 eius
1267 2258 1363 2302 sila,
1402 2269 1483 2306 qua
1512 2256 1557 2292 in

108 2313 303 2351 Noricum
319 2314 454 2352 ibatur
473 2322 510 2351 et
526 2315 704 2352 Italiam.
742 2315 887 2353 Cellar.
945 2316 1123 2352 Emonae
1150 2313 1240 2351 data
1268 2313 1338 2349 lex
1363 2314 1391 2351 2
1418 2324 1453 2348 c.
1471 2309 1553 2348 Th.

107 2367 158 2406 de
179 2382 273 2407 auro
291 2383 423 2408 ooron.
443 2372 510 2408 ubi
531 2372 691 2409 consule
709 2378 792 2408 not.
813 2385 848 2408 e.
873 2370 1019 2407 Ritter.
1052 2371 1163 2408 locus
1183 2368 1232 2405 de
1251 2368 1407 2405 Emona
1430 2367 1555 2417 (nunc

105 2425 307 2463 Labacum
326 2427 532 2464 carniolae
551 2441 636 2465 esse
653 2426 839 2478 putatur)
866 2426 1052 2464 notabilis
1080 2433 1160 2474 est,
1202 2437 1282 2461 non
1303 2430 1384 2460 tam
1405 2421 1552 2459 iudicio

106 2482 279 2530 Zosimi,
313 2495 405 2519 cum
430 2483 609 2520 fabulam
635 2490 775 2534 poetae
799 2484 962 2534 apponit
976 2511 988 2531 ,
1029 2494 1150 2534 quam
1174 2485 1334 2531 propter
1362 2477 1555 2514 Pisandn'

106 2544 246 2587 poetae
267 2537 460 2589 deperditi
474 2541 718 2577 mentionem
735 2539 903 2585 factam3
943 2540 1012 2590 qui
1042 2550 1131 2574 meo
1158 2534 1320 2588 quidem
1343 2534 1551 2586 qualicun-

107 2605 185 2644 que
206 2592 351 2631 iudicio
368 2595 642 2632 Lat-andensis
659 2602 718 2633 est
737 2594 794 2646 (v.
815 2594 868 2632 ad
882 2596 990 2644 Virg.
1011 2600 1041 2630 t.
1059 2596 1087 2633 2
1102 2606 1142 2642 p.
1162 2592 1255 2638 231,
1285 2597 1314 2627 t.
1334 2589 1362 2629 4
1381 2603 1421 2639 p.
1433 2588 1549 2638 235),
1618 2612 1620 2614 ·

107 2655 148 2684 at
163 2647 375 2695 Valkenar.
393 2652 519 2688 Diatr.
536 2665 578 2702 Ρ.
597 2649 652 2692 24
667 2680 679 2700 ,
707 2650 973 2702 adstipulante
992 2646 1243 2694 Ruhnkenio‚
1274 2646 1439 2684 eundem
1458 2657 1549 2682 cum

106 2704 264 2742 Rhodio
279 2703 411 2755 habet,
441 2708 549 2744 cuins
567 2707 768 2745 Heraclea
783 2707 918 2746 nobile
935 2706 1011 2743 fuit
1028 2716 1137 2755 epos.
1183 2701 1302 2740 huius
1317 2708 1448 2740 tamen
1466 2713 1547 2739 non
