1734 3002
195 105 252 135 xx
415 93 605 138 HEYNss
623 91 808 136 PRAEF.
824 90 885 136 m
904 91 1042 136 Nov,
1062 88 1259 136 zosnm
1276 66 1424 135 surr.

43 224 77 256 p·
105 210 173 246 626
195 212 511 264 adolescentum,
539 214 722 252 manibus
745 213 946 252 excutient
965 213 1166 264 nonnulli,
1195 213 1265 267 qui
1288 211 1338 252 de
1356 211 1516 252 zosimo
1528 210 1635 250 nihil

194 284 273 320 nisi
299 280 407 335 quod
434 283 554 320 sacris
581 280 810 319 Christianis
837 281 1004 319 infestus
1033 282 1153 320 fuerit
1180 280 1441 321 inaudieranc
1495 284 1635 318 verum

196 349 272 388 hoc
302 351 341 387 ei
370 350 519 387 factum
549 349 800 400 opprobrIum
826 348 935 390 bene,
953 346 1070 388 diluit
1097 350 1147 388 cl.
1176 347 1331 388 editor-⁴v
1369 360 1446 385 nec
1462 347 1637 385 alienum

195 418 269 454 erit
295 417 455 454 omnino
486 417 593 454 illius
619 418 757 454 aetatis
787 429 916 454 mores
940 414 1114 468 perditos
1139 429 1372 468 cognoscere
1382 426 1403 464 3-
1427 419 1467 452 et
1485 420 1636 463 tenere,

192 486 475 536 imperatorum
505 484 723 521 aulicorum
753 482 1039 521 monachorum
1067 484 1191 521 vitam
1217 482 1321 520 nihil
1349 479 1636 520 ferehalmisse

193 550 303 604 quod
329 550 570 589 Christianos
596 563 618 588 a
650 551 862 602 gentilibus
889 549 1148 600 discerneret,
1178 557 1335 602 praeter
1351 549 1442 588 odia
1457 549 1637 587 diversa-

192 633 280 657 rum
308 621 480 671 partium
504 617 677 656 diversa.
732 630 807 656 nec
835 630 950 666 vero,
990 619 1069 656 nisi
1096 618 1396 670 corruptissimis
1428 613 1637 655 hominum

191 689 362 738 ingeniis
381 687 649 738 moribusque,
678 693 811 723 tantae
830 686 887 722 rei
907 685 1089 736 publicae
1101 686 1364 737 corruptelae,
1383 691 1467 722 tam
1480 684 1636 721 alienae

191 767 214 791 a
238 755 438 792 communi
461 754 629 791 utilitate
649 753 890 800 voluntates,
909 759 1001 789 tam
1009 754 1310 805 superstitiosae
1328 751 1378 790 de
1397 751 1514 789 rebus
1529 749 1636 789 divi-

190 824 252 861 nis
274 821 536 873 humanisque
557 822 830 872 persuasiones
849 819 1027 857 obtinere
1045 821 1279 871 potuissent.

299 888 410 927 Nihil
440 890 594 938 itaque,
623 887 702 923 nisi
726 885 833 938 quod
859 894 928 924 aut
954 888 1052 924 utile
1078 887 1128 924 sit
1155 888 1286 924 autin
1305 886 1517 925 utilitatem
1533 885 1636 923 verti

189 957 335 1008 possit,
366 954 485 992 habet
507 965 609 990 nova
631 953 780 989 Zosimi
803 952 949 1002 editio;
979 955 1091 991 cuim
1113 953 1426 1006 descriptionem'
1439 955 1488 992 el.
1510 948 1636 991 editor

188 1031 293 1061 recte
322 1025 376 1060 ita
404 1020 594 1067 instituit,
623 1026 668 1056 ut
690 1032 770 1057 non
797 1023 899 1059 intra
926 1022 1137 1060 verborum
1163 1023 1324 1060 criticen
1345 1029 1507 1074 operam'
1521 1026 1643 1060 suam'

191 1092 429 1137 contineret,
461 1085 531 1125 sed
559 1086 674 1124 rebus
694 1090 860 1126 narratis
881 1102 1039 1141 quoque
1057 1088 1304 1128 illustrandis
1322 1090 1498 1143 aliquam
1515 1087 1636 1131 studii

189 1164 343 1208 partem
364 1154 574 1192 addiceret.
632 1167 711 1206 qua
731 1157 774 1191 in
792 1167 834 1192 re
851 1157 928 1205 ipsi
945 1154 1022 1193 hoc
1039 1155 1378 1206 videndumerat,
1407 1170 1481 1205 ne,
1501 1155 1636 1207 inpri-

188 1225 266 1261 mis
292 1224 335 1259 iu
359 1223 487 1273 priore
509 1222 637 1272 operis
655 1228 787 1272 parte,
817 1233 894 1272 qua
918 1222 1140 1272 antiquiora
1161 1223 1326 1259 strictim
1344 1219 1635 1279 percurruntur,

190 1292 309 1327 nimis
338 1289 506 1326 disertus
529 1301 614 1326 esse
635 1289 769 1326 vellet.
826 1289 869 1324 in
899 1294 1077 1324 extrema
1103 1300 1199 1325 sane
1220 1295 1332 1339 parte
1361 1287 1637 1326 desiderabam

191 1353 391 1393 interdum
410 1354 701 1406 diligentiorem
723 1367 855 1392 rerum
876 1355 1198 1393 illustrationem:
1226 1356 1344 1394 facile
1362 1354 1637 1394 tamewurda

188 1424 274 1460 {exi
299 1425 341 1459 iu
368 1423 505 1461 multis
534 1436 620 1460 esse
648 1424 852 1461 Zosimnm
883 1429 1083 1459 auctorem
1103 1423 1263 1460 unicum
1273 1438 1291 1472 ·,·
1312 1424 1355 1465 in
1375 1424 1467 1460 aliis
1478 1424 1638 1474 praevi—

191 1502 336 1542 puum3
377 1503 477 1542 quae
504 1497 637 1527 autem
661 1490 708 1526 ab
736 1490 824 1528 aliis
848 1497 1135 1540 memorantur,
1163 1503 1254 1530 non·
1270 1504 1355 1530 esse
1379 1491 1637 1542 locupletiora

191 1565 260 1595 aut
277 1559 558 1605 luculentiora3
588 1558 637 1595 iis
656 1555 750 1595 vero
768 1559 839 1610 qui
858 1557 1055 1610 disputata
1075 1571 1193 1610 super
1212 1557 1276 1597 his
1296 1557 1470 1597 historiis
1479 1560 1637 1610 cogno·-

192 1639 300 1663 scere
329 1627 463 1663 volent
489 1626 708 1675 propositos
728 1638 812 1663 esse
831 1627 1080 1663 Tillemontii
1101 1633 1139 1663 et
1157 1639 1285 1677 nuper
1301 1627 1470 1664 Gibboni
1488 1628 1637 1674 libr-083

191 1692 241 1730 de
265 1693 439 1729 barbaris
458 1692 644 1743 pleraque
665 1704 750 1728 esse
771 1691 979 1746 diligenter
996 1692 1137 1731 tradita
1155 1706 1178 1731 a
1191 1695 1417 1746 Mascovio,¹
1439 1695 1638 1750 lareviores

190 1767 326 1797 autem
349 1761 510 1796 notitias
533 1764 687 1795 exstare
706 1760 748 1795 in
766 1773 884 1812 opere
913 1759 1130 1798 Guthriano
1160 1751 1367 1813 (inprimis
1386 1761 1463 1802 ttv4
1491 1761 1637 1814 5vps>1

192 1834 232 1864 et
252 1825 299 1875 4,
330 1833 358 1863 t.
381 1826 430 1868 15
449 1838 489 1877 p.
511 1823 575 1876 1).
632 1832 806 1864 ceterum
826 1826 875 1864 de
894 1828 1068 1865 consiliis
1087 1829 1168 1866 suis
1191 1829 1241 1866 cl.
1262 1828 1390 1868 editor
1409 1826 1639 1882 ipse'lect&

192 1906 279 1931 rem
304 1894 397 1930 satis
422 1891 633 1943 diligenter
653 1892 829 1944 edocuit,
856 1908 989 1947 neque
1009 1896 1092 1933 eius
1111 1909 1233 1947 opera
1253 1904 1294 1934 et
1312 1895 1489 1934 doctrina
1504 1904 1639 1935 nostra

193 1958 533 1997 cmmnendatione
560 1960 736 2011 indiget:
777 1963 993 2013 specimina
1016 1960 1245 1999 eruditionis
1273 1974 1366 2000 suae
1394 1963 1484 2013 ille,
1513 1965 1561 2001 ab
1590 1977 1638 2002 eo

193 2026 286 2064 inde
318 2035 492 2078 tempore
525 2040 602 2079 quo
631 2029 831 2065 seminarii
849 2027 1080 2079 philologici
1099 2027 1279 2066 sodalitio
1302 2027 1519 2082 adscriptus
1539 2039 1637 2082 erat,

191 2095 398 2145 proposuit
425 2107 514 2131 cum
544 2096 643 2144 alia,
672 2102 758 2132 tum
786 2101 1023 2146 reportatam
1050 2095 1111 2132 bis
1138 2096 1180 2132 in
1209 2098 1395 2135 societate
1417 2100 1639 2152 antiquaria

196 2162 406 2199 Casselana
424 2163 619 2212 palmam,
651 2163 816 2200 alteram
832 2175 908 2214 qua
925 2161 976 2199 ad
992 2163 1183 2200 victorem
1200 2166 1384 2214 proximo
1399 2165 1488 2204 loco
1502 2179 1638 2205 acces-—

194 2229 269 2277 sit,
308 2229 356 2266 cle
390 2229 487 2267 luxu
519 2230 840 2275 Atheniensium,
879 2230 1044 2267 alteram
1072 2231 1294 2281 victricem,
1331 2232 1382 2269 de
1414 2234 1639 2272 condicione

192 2310 394 2334 ‚servorum
410 2298 511 2333 inter
527 2297 699 2334 Graecos
715 2290 875 2348 eiusque
888 2297 1240 2346 vicissitudmibus;
1269 2311 1438 2351 quarum
1455 2307 1639 2339 neutram

194 2376 220 2400 a
240 2365 424 2402 societate
440 2364 550 2415 prelo
572 2377 758 2402 excusam
783 2377 868 2402 esse
888 2365 1139 2415 impatienter
1160 2366 1346 2415 ferimus3
1373 2367 1535 2405 tandem
1553 2373 1638 2421 tex-7

197 2432 294 2468 tiam
324 2431 496 2482 palmam
526 2432 701 2482 principe
731 2432 818 2469 loco
847 2445 966 2482 super
995 2433 1222 2484 quaestione
1250 2447 1274 2471 a
1300 2435 1484 2472 societate
1512 2437 1638 2486 Regia
1674 2420 1679 2426 ι

195 2498 447 2548 Gottingensi
479 2501 678 2553 proposita
710 2499 757 2536 de
786 2512 828 2535 re
855 2499 1056 2536 metallica
1081 2507 1266 2539 veterum.
1326 2515 1454 2554 nuper
1479 2506 1637 2555 quoque

195 2563 246 2599 de
275 2566 425 2615 on'gine
450 2572 488 2602 et
512 2567 663 2604 ratione
681 2567 917 2618 quaestionis
939 2567 1040 2603 inter
1061 2566 1235 2606 Graecos
1250 2576 1289 2605 et
1304 2568 1508 2606 Romanos
1525 2582 1636 2608 com-

195 2637 393 2671 mentatus
411 2639 491 2689 est,
521 2646 612 2672 cum
629 2643 806 2692 summos
827 2634 869 2670 in
889 2635 974 2671 iure
994 2632 1163 2674 honores
1182 2642 1497 2689 consequeretur.
