<?xml version="1.0" encoding="UTF-8"?>
<!DOCTYPE html PUBLIC "-//W3C//DTD XHTML 1.0 Transitional//EN"
    "http://www.w3.org/TR/xhtml1/DTD/xhtml1-transitional.dtd">
<html xmlns="http://www.w3.org/1999/xhtml" xml:lang="en" lang="en">
 <head>
  <title>
</title>
<meta http-equiv="Content-Type" content="text/html;charset=utf-8" />
  <meta name='ocr-system' content='tesseract 3.04.00' />
  <meta name='ocr-capabilities' content='ocr_page ocr_carea ocr_par ocr_line ocrx_word'/>
</head>
<body>
  <div class='ocr_page' id='page_1' title='image "./corpusscriptorum50niebuoft_0400.png"; bbox 0 0 1812 3016; ppageno 0'>
   <div class='ocr_carea' id='block_1_1' title="bbox 287 65 1188 113">
    <p class='ocr_par' dir='ltr' id='par_1_1' title="bbox 287 65 1188 113">
     <span class='ocr_line' id='line_1_1' title="bbox 287 65 1188 113; baseline -0.004 -1"><span class='ocrx_word' id='word_1_1' title='bbox 287 65 383 113; x_wconf 84' lang='lat'>354</span> <span class='ocrx_word' id='word_1_2' title='bbox 827 65 1188 110; x_wconf 84' lang='lat' dir='ltr'><strong>REITEMEIERI</strong></span> 
     </span>
    </p>
   </div>
   <div class='ocr_carea' id='block_1_2' title="bbox 289 173 1740 2738">
    <p class='ocr_par' dir='ltr' id='par_1_2' title="bbox 289 173 1726 511">
     <span class='ocr_line' id='line_1_2' title="bbox 291 173 1725 216; baseline -0.003 0"><span class='ocrx_word' id='word_1_3' title='bbox 291 175 422 216; x_wconf 78' lang='lat' dir='ltr'>ctentli</span> <span class='ocrx_word' id='word_1_4' title='bbox 440 175 558 214; x_wconf 87' lang='lat' dir='ltr'>fidem</span> <span class='ocrx_word' id='word_1_5' title='bbox 573 173 882 215; x_wconf 83' lang='lat' dir='ltr'>Christianorum</span> <span class='ocrx_word' id='word_1_6' title='bbox 904 182 1037 214; x_wconf 79' lang='lat' dir='ltr'>auctor</span> <span class='ocrx_word' id='word_1_7' title='bbox 1057 174 1253 214; x_wconf 76' lang='lat' dir='ltr'><strong>exstitisse</strong></span> <span class='ocrx_word' id='word_1_8' title='bbox 1269 179 1461 212; x_wconf 79' lang='lat' dir='ltr'>narratur.</span> <span class='ocrx_word' id='word_1_9' title='bbox 1516 173 1725 212; x_wconf 85' lang='lat' dir='ltr'>obscurum</span> 
     </span>
     <span class='ocr_line' id='line_1_3' title="bbox 291 231 1725 285; baseline -0.003 -14"><span class='ocrx_word' id='word_1_10' title='bbox 291 248 383 273; x_wconf 83' lang='lat' dir='ltr'>vero</span> <span class='ocrx_word' id='word_1_11' title='bbox 410 240 468 270; x_wconf 84' lang='lat' dir='ltr'>est</span> <span class='ocrx_word' id='word_1_12' title='bbox 497 233 658 285; x_wconf 84' lang='lat' dir='ltr'><strong>quinam</strong></span> <span class='ocrx_word' id='word_1_13' title='bbox 685 234 804 270; x_wconf 87' lang='lat' dir='ltr'>fuerit</span> <span class='ocrx_word' id='word_1_14' title='bbox 830 234 898 269; x_wconf 90' lang='lat' dir='ltr'>ille</span> <span class='ocrx_word' id='word_1_15' title='bbox 930 234 1171 284; x_wconf 85' lang='lat' dir='ltr'>Aegyptius,</span> <span class='ocrx_word' id='word_1_16' title='bbox 1208 243 1306 268; x_wconf 90' lang='lat' dir='ltr'>num</span> <span class='ocrx_word' id='word_1_17' title='bbox 1335 231 1379 268; x_wconf 88' lang='lat' dir='ltr'>in</span> <span class='ocrx_word' id='word_1_18' title='bbox 1403 231 1582 281; x_wconf 81' lang='lat' dir='ltr'>Aegypto</span> <span class='ocrx_word' id='word_1_19' title='bbox 1609 237 1725 267; x_wconf 85' lang='lat' dir='ltr'>natus</span> 
     </span>
     <span class='ocr_line' id='line_1_4' title="bbox 289 284 1725 340; baseline -0.004 -12"><span class='ocrx_word' id='word_1_20' title='bbox 289 290 409 329; x_wconf 90' lang='lat' dir='ltr'>homo</span> <span class='ocrx_word' id='word_1_21' title='bbox 423 319 434 338; x_wconf 91' lang='lat'>,</span> <span class='ocrx_word' id='word_1_22' title='bbox 474 303 525 326; x_wconf 90' lang='lat' dir='ltr'>an</span> <span class='ocrx_word' id='word_1_23' title='bbox 539 302 678 340; x_wconf 89' lang='lat' dir='ltr'>magus</span> <span class='ocrx_word' id='word_1_24' title='bbox 698 288 860 340; x_wconf 86' lang='lat' dir='ltr'>quidam</span> <span class='ocrx_word' id='word_1_25' title='bbox 880 290 949 339; x_wconf 90' lang='lat' dir='ltr'>qui</span> <span class='ocrx_word' id='word_1_26' title='bbox 971 302 1023 325; x_wconf 90' lang='lat' dir='ltr'>ex</span> <span class='ocrx_word' id='word_1_27' title='bbox 1043 288 1232 339; x_wconf 82' lang='lat' dir='ltr'>Hispania</span> <span class='ocrx_word' id='word_1_28' title='bbox 1249 292 1432 334; x_wconf 84' lang='lat' dir='ltr'>venerat,</span> <span class='ocrx_word' id='word_1_29' title='bbox 1460 285 1504 323; x_wconf 87' lang='lat' dir='ltr'>id</span> <span class='ocrx_word' id='word_1_30' title='bbox 1520 284 1629 338; x_wconf 87' lang='lat' dir='ltr'>quod</span> <span class='ocrx_word' id='word_1_31' title='bbox 1645 287 1725 323; x_wconf 83' lang='lat' dir='ltr'>Ba-</span> 
     </span>
     <span class='ocr_line' id='line_1_5' title="bbox 292 339 1726 396; baseline -0.005 -11"><span class='ocrx_word' id='word_1_32' title='bbox 292 348 400 385; x_wconf 89' lang='lat' dir='ltr'>ronio</span> <span class='ocrx_word' id='word_1_33' title='bbox 424 345 470 396; x_wconf 87' lang='lat' dir='ltr'>(t.</span> <span class='ocrx_word' id='word_1_34' title='bbox 494 344 519 385; x_wconf 88' lang='lat'><strong>4</strong></span> <span class='ocrx_word' id='word_1_35' title='bbox 538 359 578 396; x_wconf 87' lang='lat' dir='ltr'>p.</span> <span class='ocrx_word' id='word_1_36' title='bbox 598 344 667 395; x_wconf 80' lang='lat'>38)</span> <span class='ocrx_word' id='word_1_37' title='bbox 683 347 824 391; x_wconf 85' lang='lat' dir='ltr'>visum,</span> <span class='ocrx_word' id='word_1_38' title='bbox 855 345 923 395; x_wconf 89' lang='lat' dir='ltr'>qui</span> <span class='ocrx_word' id='word_1_39' title='bbox 941 345 1212 394; x_wconf 87' lang='lat' dir='ltr'>significationi</span> <span class='ocrx_word' id='word_1_40' title='bbox 1231 344 1292 380; x_wconf 87' lang='lat' dir='ltr'>illi</span> <span class='ocrx_word' id='word_1_41' title='bbox 1309 344 1417 380; x_wconf 81' lang='lat' dir='ltr'>vocis</span> <span class='ocrx_word' id='word_1_42' title='bbox 1438 339 1656 395; x_wconf 76' lang='grc' dir='ltr'><strong><em>Αἰγύπτιος</em></strong></span> <span class='ocrx_word' id='word_1_43' title='bbox 1673 354 1726 378; x_wconf 82' lang='lat' dir='ltr'>ex</span> 
     </span>
     <span class='ocr_line' id='line_1_6' title="bbox 292 397 1726 452; baseline -0.004 -12"><span class='ocrx_word' id='word_1_44' title='bbox 292 404 388 440; x_wconf 91' lang='lat' dir='ltr'>locis</span> <span class='ocrx_word' id='word_1_45' title='bbox 410 404 495 438; x_wconf 88' lang='lat' dir='ltr'>Act.</span> <span class='ocrx_word' id='word_1_46' title='bbox 518 404 584 447; x_wconf 78' lang='lat'>21,</span> <span class='ocrx_word' id='word_1_47' title='bbox 616 399 771 451; x_wconf 87' lang='lat' dir='ltr'>Ioseph.</span> <span class='ocrx_word' id='word_1_48' title='bbox 791 402 927 452; x_wconf 83' lang='lat' dir='ltr'>Antiq.</span> <span class='ocrx_word' id='word_1_49' title='bbox 949 402 1002 440; x_wconf 83' lang='lat'>20</span> <span class='ocrx_word' id='word_1_50' title='bbox 1032 403 1071 449; x_wconf 85' lang='lat'>6,</span> <span class='ocrx_word' id='word_1_51' title='bbox 1102 399 1151 437; x_wconf 90' lang='lat' dir='ltr'>de</span> <span class='ocrx_word' id='word_1_52' title='bbox 1168 400 1273 437; x_wconf 88' lang='lat' dir='ltr'>bello</span> <span class='ocrx_word' id='word_1_53' title='bbox 1291 397 1452 436; x_wconf 88' lang='lat' dir='ltr'>Iudaico</span> <span class='ocrx_word' id='word_1_54' title='bbox 1476 401 1504 440; x_wconf 86' lang='lat'><strong>2</strong></span> <span class='ocrx_word' id='word_1_55' title='bbox 1533 399 1599 447; x_wconf 78' lang='lat'>12,</span> <span class='ocrx_word' id='word_1_56' title='bbox 1626 399 1726 435; x_wconf 88' lang='lat' dir='ltr'>Por·-</span> 
     </span>
     <span class='ocr_line' id='line_1_7' title="bbox 293 457 1012 511; baseline -0.004 -16"><span class='ocrx_word' id='word_1_57' title='bbox 293 457 427 511; x_wconf 84' lang='lat' dir='ltr'>phyrii</span> <span class='ocrx_word' id='word_1_58' title='bbox 441 459 527 495; x_wconf 84' lang='lat' dir='ltr'>Vita</span> <span class='ocrx_word' id='word_1_59' title='bbox 542 457 706 503; x_wconf 85' lang='lat' dir='ltr'>Plotini,</span> <span class='ocrx_word' id='word_1_60' title='bbox 736 458 1012 507; x_wconf 80' lang='lat' dir='ltr'><strong>patrocinatur.</strong></span> 
     </span>
    </p>

    <p class='ocr_par' dir='ltr' id='par_1_3' title="bbox 292 506 1740 2738">
     <span class='ocr_line' id='line_1_8' title="bbox 403 506 1727 563; baseline -0.004 -13"><span class='ocrx_word' id='word_1_61' title='bbox 403 512 466 551; x_wconf 87' lang='lat' dir='ltr'>Ad</span> <span class='ocrx_word' id='word_1_62' title='bbox 482 511 601 549; x_wconf 87' lang='lat' dir='ltr'>fidem</span> <span class='ocrx_word' id='word_1_63' title='bbox 615 514 765 549; x_wconf 84' lang='lat' dir='ltr'>Zosimi</span> <span class='ocrx_word' id='word_1_64' title='bbox 782 519 819 549; x_wconf 88' lang='lat' dir='ltr'>et</span> <span class='ocrx_word' id='word_1_65' title='bbox 841 509 1151 563; x_wconf 87' lang='lat' dir='ltr'>impugnandam</span> <span class='ocrx_word' id='word_1_66' title='bbox 1174 517 1212 548; x_wconf 90' lang='lat' dir='ltr'>et</span> <span class='ocrx_word' id='word_1_67' title='bbox 1234 506 1513 548; x_wconf 83' lang='lat' dir='ltr'>vindicandam</span> <span class='ocrx_word' id='word_1_68' title='bbox 1526 507 1626 546; x_wconf 85' lang='lat' dir='ltr'>haec</span> <span class='ocrx_word' id='word_1_69' title='bbox 1644 507 1727 545; x_wconf 85' lang='lat' dir='ltr'>fere</span> 
     </span>
     <span class='ocr_line' id='line_1_9' title="bbox 293 565 1728 619; baseline -0.004 -12"><span class='ocrx_word' id='word_1_70' title='bbox 293 577 384 608; x_wconf 90' lang='lat' dir='ltr'>sunt</span> <span class='ocrx_word' id='word_1_71' title='bbox 403 583 454 606; x_wconf 87' lang='lat' dir='ltr'>ex</span> <span class='ocrx_word' id='word_1_72' title='bbox 473 583 513 606; x_wconf 87' lang='lat' dir='ltr'>re</span> <span class='ocrx_word' id='word_1_73' title='bbox 530 571 615 619; x_wconf 91' lang='lat' dir='ltr'>ipsa</span> <span class='ocrx_word' id='word_1_74' title='bbox 634 569 830 606; x_wconf 87' lang='lat' dir='ltr'>arcessita.</span> <span class='ocrx_word' id='word_1_75' title='bbox 887 575 946 605; x_wconf 88' lang='lat' dir='ltr'>est</span> <span class='ocrx_word' id='word_1_76' title='bbox 960 580 1053 604; x_wconf 89' lang='lat' dir='ltr'>vero</span> <span class='ocrx_word' id='word_1_77' title='bbox 1072 565 1181 603; x_wconf 85' lang='lat' dir='ltr'>aliud</span> <span class='ocrx_word' id='word_1_78' title='bbox 1197 573 1470 616; x_wconf 82' lang='lat' dir='ltr'><strong>argumentum</strong></span> <span class='ocrx_word' id='word_1_79' title='bbox 1486 566 1728 602; x_wconf 81' lang='lat' dir='ltr'>extrinsecus</span> 
     </span>
     <span class='ocr_line' id='line_1_10' title="bbox 292 620 1729 678; baseline -0.004 -16"><span class='ocrx_word' id='word_1_80' title='bbox 292 627 479 678; x_wconf 83' lang='lat' dir='ltr'>petitum,</span> <span class='ocrx_word' id='word_1_81' title='bbox 523 623 629 676; x_wconf 85' lang='lat' dir='ltr'>quod</span> <span class='ocrx_word' id='word_1_82' title='bbox 648 625 682 661; x_wconf 88' lang='lat' dir='ltr'>si</span> <span class='ocrx_word' id='word_1_83' title='bbox 700 625 906 675; x_wconf 88' lang='lat' dir='ltr'>probatum</span> <span class='ocrx_word' id='word_1_84' title='bbox 921 624 1059 670; x_wconf 85' lang='lat' dir='ltr'>fuerit,</span> <span class='ocrx_word' id='word_1_85' title='bbox 1087 624 1320 659; x_wconf 84' lang='lat' dir='ltr'>narrationis</span> <span class='ocrx_word' id='word_1_86' title='bbox 1342 620 1439 658; x_wconf 87' lang='lat' dir='ltr'>fides</span> <span class='ocrx_word' id='word_1_87' title='bbox 1456 622 1614 658; x_wconf 88' lang='lat' dir='ltr'>omnino</span> <span class='ocrx_word' id='word_1_88' title='bbox 1635 633 1729 670; x_wconf 86' lang='lat' dir='ltr'>pro-</span> 
     </span>
     <span class='ocr_line' id='line_1_11' title="bbox 293 675 1729 730; baseline -0.004 -12"><span class='ocrx_word' id='word_1_89' title='bbox 293 689 412 720; x_wconf 87' lang='lat' dir='ltr'>strata</span> <span class='ocrx_word' id='word_1_90' title='bbox 435 682 520 718; x_wconf 86' lang='lat' dir='ltr'>erit.</span> <span class='ocrx_word' id='word_1_91' title='bbox 577 679 775 730; x_wconf 84' lang='lat' dir='ltr'>proditum</span> <span class='ocrx_word' id='word_1_92' title='bbox 795 681 901 716; x_wconf 89' lang='lat' dir='ltr'>enim</span> <span class='ocrx_word' id='word_1_93' title='bbox 919 686 976 717; x_wconf 88' lang='lat' dir='ltr'>est</span> <span class='ocrx_word' id='word_1_94' title='bbox 996 680 1210 716; x_wconf 84' lang='lat' dir='ltr'>memoriae</span> <span class='ocrx_word' id='word_1_95' title='bbox 1229 679 1277 714; x_wconf 90' lang='lat' dir='ltr'>ab</span> <span class='ocrx_word' id='word_1_96' title='bbox 1288 675 1519 715; x_wconf 87' lang='lat' dir='ltr'>Christianis</span> <span class='ocrx_word' id='word_1_97' title='bbox 1535 677 1729 714; x_wconf 87' lang='lat' dir='ltr'>Constan-</span> 
     </span>
     <span class='ocr_line' id='line_1_12' title="bbox 294 732 1729 786; baseline -0.005 -11"><span class='ocrx_word' id='word_1_98' title='bbox 294 740 422 776; x_wconf 84' lang='lat' dir='ltr'>tinum</span> <span class='ocrx_word' id='word_1_99' title='bbox 441 750 518 773; x_wconf 92' lang='lat' dir='ltr'>non</span> <span class='ocrx_word' id='word_1_100' title='bbox 537 736 692 786; x_wconf 89' lang='lat' dir='ltr'>piaculo</span> <span class='ocrx_word' id='word_1_101' title='bbox 712 737 754 771; x_wconf 88' lang='lat' dir='ltr'>in</span> <span class='ocrx_word' id='word_1_102' title='bbox 772 748 940 772; x_wconf 88' lang='lat' dir='ltr'>uxorem</span> <span class='ocrx_word' id='word_1_103' title='bbox 957 742 995 772; x_wconf 89' lang='lat' dir='ltr'>et</span> <span class='ocrx_word' id='word_1_104' title='bbox 1010 735 1136 771; x_wconf 90' lang='lat' dir='ltr'>filium</span> <span class='ocrx_word' id='word_1_105' title='bbox 1154 733 1346 780; x_wconf 91' lang='lat' dir='ltr'>admisso,</span> <span class='ocrx_word' id='word_1_106' title='bbox 1387 732 1458 770; x_wconf 88' lang='lat' dir='ltr'>sed</span> <span class='ocrx_word' id='word_1_107' title='bbox 1478 733 1613 769; x_wconf 88' lang='lat' dir='ltr'>multis</span> <span class='ocrx_word' id='word_1_108' title='bbox 1639 738 1729 768; x_wconf 86' lang='lat' dir='ltr'>ante</span> 
     </span>
     <span class='ocr_line' id='line_1_13' title="bbox 294 789 1729 842; baseline -0.004 -12"><span class='ocrx_word' id='word_1_109' title='bbox 294 795 406 831; x_wconf 88' lang='lat' dir='ltr'>annis</span> <span class='ocrx_word' id='word_1_110' title='bbox 433 791 742 842; x_wconf 85' lang='lat' dir='ltr'>proficiscentem</span> <span class='ocrx_word' id='word_1_111' title='bbox 767 790 952 828; x_wconf 83' lang='lat' dir='ltr'>adversus</span> <span class='ocrx_word' id='word_1_112' title='bbox 975 791 1243 837; x_wconf 84' lang='lat' dir='ltr'>Maxentium,</span> <span class='ocrx_word' id='word_1_113' title='bbox 1284 790 1395 839; x_wconf 80' lang='lat' dir='ltr'>siguo</span> <span class='ocrx_word' id='word_1_114' title='bbox 1429 789 1607 835; x_wconf 87' lang='lat' dir='ltr'>caelesti,</span> <span class='ocrx_word' id='word_1_115' title='bbox 1646 789 1729 824; x_wconf 82' lang='lat' dir='ltr'>sive</span> 
     </span>
     <span class='ocr_line' id='line_1_14' title="bbox 294 846 1730 897; baseline -0.003 -12"><span class='ocrx_word' id='word_1_116' title='bbox 294 863 384 886; x_wconf 86' lang='lat' dir='ltr'>vere</span> <span class='ocrx_word' id='word_1_117' title='bbox 413 850 482 885; x_wconf 91' lang='lat' dir='ltr'>illo</span> <span class='ocrx_word' id='word_1_118' title='bbox 508 849 611 894; x_wconf 80' lang='lat' dir='ltr'>sive,</span> <span class='ocrx_word' id='word_1_119' title='bbox 640 854 684 883; x_wconf 93' lang='lat' dir='ltr'>ut</span> <span class='ocrx_word' id='word_1_120' title='bbox 704 847 770 883; x_wconf 91' lang='lat' dir='ltr'>alii</span> <span class='ocrx_word' id='word_1_121' title='bbox 786 846 967 892; x_wconf 86' lang='lat' dir='ltr'>tradunt,</span> <span class='ocrx_word' id='word_1_122' title='bbox 997 860 1068 897; x_wconf 90' lang='lat' dir='ltr'>per</span> <span class='ocrx_word' id='word_1_123' title='bbox 1085 859 1268 883; x_wconf 89' lang='lat' dir='ltr'>somnum</span> <span class='ocrx_word' id='word_1_124' title='bbox 1286 847 1394 892; x_wconf 87' lang='lat' dir='ltr'>viso,</span> <span class='ocrx_word' id='word_1_125' title='bbox 1425 850 1664 882; x_wconf 89' lang='lat' dir='ltr'>commotum</span> <span class='ocrx_word' id='word_1_126' title='bbox 1684 856 1730 880; x_wconf 85' lang='lat' dir='ltr'>ac</span> 
     </span>
     <span class='ocr_line' id='line_1_15' title="bbox 295 899 1731 949; baseline -0.005 -7"><span class='ocrx_word' id='word_1_127' title='bbox 295 904 482 942; x_wconf 84' lang='lat' dir='ltr'>divinitus</span> <span class='ocrx_word' id='word_1_128' title='bbox 498 905 694 940; x_wconf 87' lang='lat' dir='ltr'>monitum</span> <span class='ocrx_word' id='word_1_129' title='bbox 707 931 717 949; x_wconf 96' lang='lat'>,</span> <span class='ocrx_word' id='word_1_130' title='bbox 747 904 866 940; x_wconf 87' lang='lat' dir='ltr'>sacris</span> <span class='ocrx_word' id='word_1_131' title='bbox 886 904 1080 939; x_wconf 89' lang='lat' dir='ltr'>maiorum</span> <span class='ocrx_word' id='word_1_132' title='bbox 1096 903 1225 939; x_wconf 89' lang='lat' dir='ltr'>missis</span> <span class='ocrx_word' id='word_1_133' title='bbox 1244 900 1296 938; x_wconf 84' lang='lat' dir='ltr'>ad</span> <span class='ocrx_word' id='word_1_134' title='bbox 1314 899 1552 938; x_wconf 79' lang='lat' dir='ltr'>Christianos</span> <span class='ocrx_word' id='word_1_135' title='bbox 1572 912 1731 936; x_wconf 85' lang='lat' dir='ltr'>eorum-</span> 
     </span>
     <span class='ocr_line' id='line_1_16' title="bbox 293 957 1731 1013; baseline -0.004 -16"><span class='ocrx_word' id='word_1_136' title='bbox 293 974 372 1013; x_wconf 87' lang='lat' dir='ltr'>que</span> <span class='ocrx_word' id='word_1_137' title='bbox 399 961 631 1010; x_wconf 81' lang='lat' dir='ltr'>religionem</span> <span class='ocrx_word' id='word_1_138' title='bbox 647 959 868 996; x_wconf 78' lang='lat' dir='ltr'>accessisse.</span> <span class='ocrx_word' id='word_1_139' title='bbox 927 971 1027 1010; x_wconf 90' lang='lat' dir='ltr'>quae</span> <span class='ocrx_word' id='word_1_140' title='bbox 1055 958 1234 1009; x_wconf 85' lang='lat' dir='ltr'>quamvis</span> <span class='ocrx_word' id='word_1_141' title='bbox 1262 957 1477 994; x_wconf 87' lang='lat' dir='ltr'>multorum</span> <span class='ocrx_word' id='word_1_142' title='bbox 1503 957 1731 993; x_wconf 85' lang='lat' dir='ltr'>auctoritate</span> 
     </span>
     <span class='ocr_line' id='line_1_17' title="bbox 293 1011 1732 1062; baseline -0.003 -9"><span class='ocrx_word' id='word_1_143' title='bbox 293 1018 468 1054; x_wconf 88' lang='lat' dir='ltr'>nitantur</span> <span class='ocrx_word' id='word_1_144' title='bbox 490 1022 528 1052; x_wconf 90' lang='lat' dir='ltr'>et</span> <span class='ocrx_word' id='word_1_145' title='bbox 547 1015 800 1062; x_wconf 82' lang='lat' dir='ltr'>testimoniis,</span> <span class='ocrx_word' id='word_1_146' title='bbox 842 1027 923 1051; x_wconf 91' lang='lat' dir='ltr'>non</span> <span class='ocrx_word' id='word_1_147' title='bbox 942 1014 1113 1051; x_wconf 83' lang='lat' dir='ltr'>officient</span> <span class='ocrx_word' id='word_1_148' title='bbox 1131 1021 1263 1050; x_wconf 88' lang='lat' dir='ltr'>tamen</span> <span class='ocrx_word' id='word_1_149' title='bbox 1283 1013 1481 1062; x_wconf 85' lang='lat' dir='ltr'>scriptoris</span> <span class='ocrx_word' id='word_1_150' title='bbox 1497 1013 1621 1049; x_wconf 86' lang='lat' dir='ltr'>nostri</span> <span class='ocrx_word' id='word_1_151' title='bbox 1642 1011 1732 1048; x_wconf 85' lang='lat' dir='ltr'>exi-</span> 
     </span>
     <span class='ocr_line' id='line_1_18' title="bbox 294 1068 1733 1121; baseline -0.005 -11"><span class='ocrx_word' id='word_1_152' title='bbox 294 1073 509 1111; x_wconf 84' lang='lat' dir='ltr'>stimationi</span> <span class='ocrx_word' id='word_1_153' title='bbox 529 1083 573 1107; x_wconf 92' lang='lat' dir='ltr'>ac</span> <span class='ocrx_word' id='word_1_154' title='bbox 593 1069 698 1118; x_wconf 85' lang='lat' dir='ltr'>fidei,</span> <span class='ocrx_word' id='word_1_155' title='bbox 729 1072 929 1121; x_wconf 85' lang='lat' dir='ltr'>quoniam,</span> <span class='ocrx_word' id='word_1_156' title='bbox 964 1071 997 1108; x_wconf 90' lang='lat' dir='ltr'>si</span> <span class='ocrx_word' id='word_1_157' title='bbox 1016 1069 1067 1106; x_wconf 86' lang='lat' dir='ltr'>ad</span> <span class='ocrx_word' id='word_1_158' title='bbox 1085 1070 1250 1107; x_wconf 84' lang='lat' dir='ltr'>verbum</span> <span class='ocrx_word' id='word_1_159' title='bbox 1268 1070 1522 1119; x_wconf 86' lang='lat' dir='ltr'>accipiuntur,</span> <span class='ocrx_word' id='word_1_160' title='bbox 1549 1069 1635 1118; x_wconf 89' lang='lat' dir='ltr'>ipsa</span> <span class='ocrx_word' id='word_1_161' title='bbox 1653 1068 1733 1103; x_wconf 88' lang='lat' dir='ltr'>mi-</span> 
     </span>
     <span class='ocr_line' id='line_1_19' title="bbox 294 1123 1731 1178; baseline -0.003 -14"><span class='ocrx_word' id='word_1_162' title='bbox 294 1129 418 1165; x_wconf 87' lang='lat' dir='ltr'>raculi</span> <span class='ocrx_word' id='word_1_163' title='bbox 447 1128 705 1164; x_wconf 81' lang='lat' dir='ltr'>ostentatione</span> <span class='ocrx_word' id='word_1_164' title='bbox 734 1127 958 1163; x_wconf 84' lang='lat' dir='ltr'>elevantur:</span> <span class='ocrx_word' id='word_1_165' title='bbox 1001 1125 1158 1178; x_wconf 89' lang='lat' dir='ltr'>quando</span> <span class='ocrx_word' id='word_1_166' title='bbox 1194 1124 1326 1162; x_wconf 85' lang='lat' dir='ltr'>autem</span> <span class='ocrx_word' id='word_1_167' title='bbox 1351 1123 1532 1161; x_wconf 86' lang='lat' dir='ltr'>detractis</span> <span class='ocrx_word' id='word_1_168' title='bbox 1557 1125 1607 1161; x_wconf 84' lang='lat' dir='ltr'>iis</span> <span class='ocrx_word' id='word_1_169' title='bbox 1629 1135 1731 1174; x_wconf 84' lang='lat' dir='ltr'>quae</span> 
     </span>
     <span class='ocr_line' id='line_1_20' title="bbox 293 1181 1732 1233; baseline -0.004 -12"><span class='ocrx_word' id='word_1_170' title='bbox 293 1184 474 1222; x_wconf 86' lang='lat' dir='ltr'>miraculi</span> <span class='ocrx_word' id='word_1_171' title='bbox 492 1196 585 1233; x_wconf 86' lang='lat' dir='ltr'>prae</span> <span class='ocrx_word' id='word_1_172' title='bbox 603 1196 644 1220; x_wconf 91' lang='lat' dir='ltr'>se</span> <span class='ocrx_word' id='word_1_173' title='bbox 664 1182 796 1219; x_wconf 89' lang='lat' dir='ltr'>ferunt</span> <span class='ocrx_word' id='word_1_174' title='bbox 812 1183 996 1233; x_wconf 88' lang='lat' dir='ltr'>speciem,</span> <span class='ocrx_word' id='word_1_175' title='bbox 1027 1188 1195 1219; x_wconf 85' lang='lat' dir='ltr'>statuere</span> <span class='ocrx_word' id='word_1_176' title='bbox 1218 1182 1309 1217; x_wconf 92' lang='lat' dir='ltr'>licet</span> <span class='ocrx_word' id='word_1_177' title='bbox 1329 1181 1606 1230; x_wconf 82' lang='lat' dir='ltr'>imperatorem</span> <span class='ocrx_word' id='word_1_178' title='bbox 1627 1186 1732 1216; x_wconf 87' lang='lat' dir='ltr'>tem—</span> 
     </span>
     <span class='ocr_line' id='line_1_21' title="bbox 294 1233 1733 1291; baseline -0.004 -14"><span class='ocrx_word' id='word_1_179' title='bbox 294 1253 388 1291; x_wconf 86' lang='lat' dir='ltr'>pore</span> <span class='ocrx_word' id='word_1_180' title='bbox 409 1240 479 1276; x_wconf 88' lang='lat' dir='ltr'>illo</span> <span class='ocrx_word' id='word_1_181' title='bbox 498 1251 575 1290; x_wconf 89' lang='lat' dir='ltr'>quo</span> <span class='ocrx_word' id='word_1_182' title='bbox 595 1237 729 1275; x_wconf 78' lang='lat' dir='ltr'>divino</span> <span class='ocrx_word' id='word_1_183' title='bbox 749 1251 840 1275; x_wconf 90' lang='lat' dir='ltr'>eum</span> <span class='ocrx_word' id='word_1_184' title='bbox 859 1239 972 1288; x_wconf 89' lang='lat' dir='ltr'>signo</span> <span class='ocrx_word' id='word_1_185' title='bbox 992 1237 1042 1274; x_wconf 89' lang='lat' dir='ltr'>ad</span> <span class='ocrx_word' id='word_1_186' title='bbox 1060 1251 1168 1274; x_wconf 86' lang='lat' dir='ltr'>sacra</span> <span class='ocrx_word' id='word_1_187' title='bbox 1187 1236 1497 1274; x_wconf 88' lang='lat' dir='ltr'>Christianorum</span> <span class='ocrx_word' id='word_1_188' title='bbox 1510 1233 1733 1286; x_wconf 88' lang='lat' dir='ltr'>adoptanda</span> 
     </span>
     <span class='ocr_line' id='line_1_22' title="bbox 294 1290 1733 1345; baseline -0.003 -13"><span class='ocrx_word' id='word_1_189' title='bbox 294 1296 513 1345; x_wconf 88' lang='lat' dir='ltr'>impulsum</span> <span class='ocrx_word' id='word_1_190' title='bbox 551 1293 735 1340; x_wconf 89' lang='lat' dir='ltr'>credunt,</span> <span class='ocrx_word' id='word_1_191' title='bbox 783 1306 1017 1344; x_wconf 89' lang='lat' dir='ltr'>quacunque</span> <span class='ocrx_word' id='word_1_192' title='bbox 1051 1293 1100 1330; x_wconf 90' lang='lat' dir='ltr'>de</span> <span class='ocrx_word' id='word_1_193' title='bbox 1129 1306 1245 1330; x_wconf 87' lang='lat' dir='ltr'>causa</span> <span class='ocrx_word' id='word_1_194' title='bbox 1274 1291 1325 1329; x_wconf 88' lang='lat' dir='ltr'>ad</span> <span class='ocrx_word' id='word_1_195' title='bbox 1354 1305 1440 1328; x_wconf 88' lang='lat' dir='ltr'>rem</span> <span class='ocrx_word' id='word_1_196' title='bbox 1469 1290 1733 1329; x_wconf 87' lang='lat' dir='ltr'>Christianam</span> 
     </span>
     <span class='ocr_line' id='line_1_23' title="bbox 294 1346 1734 1400; baseline -0.003 -12"><span class='ocrx_word' id='word_1_197' title='bbox 294 1353 422 1400; x_wconf 83' lang='lat' dir='ltr'>magis</span> <span class='ocrx_word' id='word_1_198' title='bbox 446 1350 688 1396; x_wconf 45' lang='lat' dir='ltr'>inclinatum,</span> <span class='ocrx_word' id='word_1_199' title='bbox 704 1349 825 1386; x_wconf 87' lang='lat' dir='ltr'>fuisse</span> <span class='ocrx_word' id='word_1_200' title='bbox 847 1356 884 1385; x_wconf 91' lang='lat' dir='ltr'>et</span> <span class='ocrx_word' id='word_1_201' title='bbox 903 1351 1171 1386; x_wconf 87' lang='lat' dir='ltr'>Romanorum</span> <span class='ocrx_word' id='word_1_202' title='bbox 1191 1347 1281 1386; x_wconf 86' lang='lat' dir='ltr'>odia</span> <span class='ocrx_word' id='word_1_203' title='bbox 1305 1348 1347 1384; x_wconf 89' lang='lat' dir='ltr'>in</span> <span class='ocrx_word' id='word_1_204' title='bbox 1363 1346 1604 1385; x_wconf 75' lang='lat' dir='ltr'>Chr1stian0s</span> <span class='ocrx_word' id='word_1_205' title='bbox 1621 1351 1734 1384; x_wconf 67' lang='lat' dir='ltr'>coer-</span> 
     </span>
     <span class='ocr_line' id='line_1_24' title="bbox 295 1396 1734 1456; baseline -0.003 -13"><span class='ocrx_word' id='word_1_206' title='bbox 295 1408 441 1453; x_wconf 87' lang='lat' dir='ltr'>cuisse,</span> <span class='ocrx_word' id='word_1_207' title='bbox 470 1418 520 1441; x_wconf 88' lang='lat' dir='ltr'>ne</span> <span class='ocrx_word' id='word_1_208' title='bbox 539 1407 594 1442; x_wconf 89' lang='lat' dir='ltr'>sic</span> <span class='ocrx_word' id='word_1_209' title='bbox 614 1403 775 1456; x_wconf 89' lang='lat' dir='ltr'>quidem</span> <span class='ocrx_word' id='word_1_210' title='bbox 796 1405 1008 1456; x_wconf 87' lang='lat' dir='ltr'>quicquam</span> <span class='ocrx_word' id='word_1_211' title='bbox 1027 1406 1068 1441; x_wconf 91' lang='lat' dir='ltr'>in</span> <span class='ocrx_word' id='word_1_212' title='bbox 1083 1406 1157 1441; x_wconf 88' lang='lat' dir='ltr'>ista</span> <span class='ocrx_word' id='word_1_213' title='bbox 1176 1405 1396 1440; x_wconf 86' lang='lat' dir='ltr'>narratione</span> <span class='ocrx_word' id='word_1_214' title='bbox 1411 1404 1515 1441; x_wconf 90' lang='lat' dir='ltr'>inest</span> <span class='ocrx_word' id='word_1_215' title='bbox 1537 1396 1644 1455; x_wconf 80' lang='lat' dir='ltr'>quod</span> <span class='ocrx_word' id='word_1_216' title='bbox 1660 1403 1734 1439; x_wconf 89' lang='lat' dir='ltr'>ob-</span> 
     </span>
     <span class='ocr_line' id='line_1_25' title="bbox 295 1459 1740 1512; baseline -0.003 -12"><span class='ocrx_word' id='word_1_217' title='bbox 295 1476 380 1500; x_wconf 89' lang='lat' dir='ltr'>esse</span> <span class='ocrx_word' id='word_1_218' title='bbox 399 1463 557 1498; x_wconf 87' lang='lat' dir='ltr'>Zosimo</span> <span class='ocrx_word' id='word_1_219' title='bbox 587 1462 751 1512; x_wconf 89' lang='lat' dir='ltr'>eiusque</span> <span class='ocrx_word' id='word_1_220' title='bbox 781 1459 900 1496; x_wconf 85' lang='lat' dir='ltr'>fidem</span> <span class='ocrx_word' id='word_1_221' title='bbox 927 1461 1146 1498; x_wconf 78' lang='lat' dir='ltr'>convellere</span> <span class='ocrx_word' id='word_1_222' title='bbox 1169 1461 1304 1510; x_wconf 90' lang='lat' dir='ltr'>possit.</span> <span class='ocrx_word' id='word_1_223' title='bbox 1361 1472 1442 1497; x_wconf 89' lang='lat' dir='ltr'>non</span> <span class='ocrx_word' id='word_1_224' title='bbox 1474 1460 1582 1496; x_wconf 89' lang='lat' dir='ltr'>enim</span> <span class='ocrx_word' id='word_1_225' title='bbox 1604 1459 1740 1496; x_wconf 80' lang='lat' dir='ltr'>subito·</span> 
     </span>
     <span class='ocr_line' id='line_1_26' title="bbox 294 1515 1734 1569; baseline -0.003 -14"><span class='ocrx_word' id='word_1_226' title='bbox 294 1519 528 1569; x_wconf 82' lang='lat' dir='ltr'>religionem</span> <span class='ocrx_word' id='word_1_227' title='bbox 553 1518 720 1553; x_wconf 82' lang='lat' dir='ltr'>mutavit</span> <span class='ocrx_word' id='word_1_228' title='bbox 748 1517 981 1566; x_wconf 83' lang='lat' dir='ltr'>imperator,</span> <span class='ocrx_word' id='word_1_229' title='bbox 1021 1515 1091 1554; x_wconf 90' lang='lat' dir='ltr'>sed</span> <span class='ocrx_word' id='word_1_230' title='bbox 1117 1517 1263 1553; x_wconf 90' lang='lat' dir='ltr'>sensim</span> <span class='ocrx_word' id='word_1_231' title='bbox 1289 1529 1313 1552; x_wconf 90' lang='lat' dir='ltr'>a</span> <span class='ocrx_word' id='word_1_232' title='bbox 1338 1516 1584 1552; x_wconf 85' lang='lat' dir='ltr'>caerimoniis</span> <span class='ocrx_word' id='word_1_233' title='bbox 1605 1516 1734 1551; x_wconf 81' lang='lat' dir='ltr'>maio—</span> 
     </span>
     <span class='ocr_line' id='line_1_27' title="bbox 294 1570 1733 1622; baseline -0.003 -11"><span class='ocrx_word' id='word_1_234' title='bbox 294 1587 384 1611; x_wconf 84' lang='lat' dir='ltr'>rum</span> <span class='ocrx_word' id='word_1_235' title='bbox 400 1572 555 1620; x_wconf 84' lang='lat' dir='ltr'>defecit,</span> <span class='ocrx_word' id='word_1_236' title='bbox 584 1573 639 1608; x_wconf 89' lang='lat' dir='ltr'>ita</span> <span class='ocrx_word' id='word_1_237' title='bbox 658 1579 699 1608; x_wconf 87' lang='lat' dir='ltr'>ut</span> <span class='ocrx_word' id='word_1_238' title='bbox 716 1573 888 1622; x_wconf 88' lang='lat' dir='ltr'>primum</span> <span class='ocrx_word' id='word_1_239' title='bbox 904 1573 945 1607; x_wconf 93' lang='lat' dir='ltr'>in</span> <span class='ocrx_word' id='word_1_240' title='bbox 964 1570 1274 1609; x_wconf 86' lang='lat' dir='ltr'>Christianorum</span> <span class='ocrx_word' id='word_1_241' title='bbox 1290 1571 1448 1621; x_wconf 87' lang='lat' dir='ltr'>plebem</span> <span class='ocrx_word' id='word_1_242' title='bbox 1464 1572 1666 1621; x_wconf 87' lang='lat' dir='ltr'>mitigatus</span> <span class='ocrx_word' id='word_1_243' title='bbox 1685 1570 1733 1606; x_wconf 88' lang='lat' dir='ltr'>ab</span> 
     </span>
     <span class='ocr_line' id='line_1_28' title="bbox 294 1625 1735 1678; baseline -0.003 -11"><span class='ocrx_word' id='word_1_244' title='bbox 294 1630 447 1667; x_wconf 82' lang='lat' dir='ltr'>iniuriis</span> <span class='ocrx_word' id='word_1_245' title='bbox 471 1641 559 1665; x_wconf 92' lang='lat' dir='ltr'>eam</span> <span class='ocrx_word' id='word_1_246' title='bbox 578 1635 751 1665; x_wconf 79' lang='lat' dir='ltr'>tueretur</span> <span class='ocrx_word' id='word_1_247' title='bbox 770 1634 888 1678; x_wconf 88' lang='lat' dir='ltr'>atque</span> <span class='ocrx_word' id='word_1_248' title='bbox 908 1629 1128 1678; x_wconf 77' lang='lat' dir='ltr'>imponeret</span> <span class='ocrx_word' id='word_1_249' title='bbox 1146 1627 1480 1678; x_wconf 86' lang='lat' dir='ltr'>persecutionibus</span> <span class='ocrx_word' id='word_1_250' title='bbox 1499 1627 1632 1675; x_wconf 88' lang='lat' dir='ltr'>finem,</span> <span class='ocrx_word' id='word_1_251' title='bbox 1662 1625 1735 1663; x_wconf 80' lang='lat' dir='ltr'>de-</span> 
     </span>
     <span class='ocr_line' id='line_1_29' title="bbox 295 1682 1736 1734; baseline -0.002 -12"><span class='ocrx_word' id='word_1_252' title='bbox 295 1684 409 1733; x_wconf 83' lang='lat' dir='ltr'>inde,</span> <span class='ocrx_word' id='word_1_253' title='bbox 457 1698 545 1721; x_wconf 87' lang='lat' dir='ltr'>cum</span> <span class='ocrx_word' id='word_1_254' title='bbox 575 1682 804 1720; x_wconf 86' lang='lat' dir='ltr'>Christianis</span> <span class='ocrx_word' id='word_1_255' title='bbox 832 1683 957 1721; x_wconf 87' lang='lat' dir='ltr'>factus</span> <span class='ocrx_word' id='word_1_256' title='bbox 986 1685 1114 1734; x_wconf 88' lang='lat' dir='ltr'>magis</span> <span class='ocrx_word' id='word_1_257' title='bbox 1150 1684 1298 1721; x_wconf 86' lang='lat' dir='ltr'>amicus</span> <span class='ocrx_word' id='word_1_258' title='bbox 1327 1696 1408 1720; x_wconf 90' lang='lat' dir='ltr'>non</span> <span class='ocrx_word' id='word_1_259' title='bbox 1434 1683 1604 1734; x_wconf 77' lang='lat' dir='ltr'>mnplius</span> <span class='ocrx_word' id='word_1_260' title='bbox 1633 1683 1736 1719; x_wconf 82' lang='lat' dir='ltr'>inter</span> 
     </span>
     <span class='ocr_line' id='line_1_30' title="bbox 295 1737 1737 1791; baseline -0.002 -13"><span class='ocrx_word' id='word_1_261' title='bbox 295 1743 500 1791; x_wconf 88' lang='lat' dir='ltr'>utriusque</span> <span class='ocrx_word' id='word_1_262' title='bbox 535 1740 735 1790; x_wconf 87' lang='lat' dir='ltr'>religionis</span> <span class='ocrx_word' id='word_1_263' title='bbox 768 1740 934 1776; x_wconf 87' lang='lat' dir='ltr'>cultores</span> <span class='ocrx_word' id='word_1_264' title='bbox 964 1746 1083 1776; x_wconf 87' lang='lat' dir='ltr'>staret</span> <span class='ocrx_word' id='word_1_265' title='bbox 1108 1738 1263 1777; x_wconf 88' lang='lat' dir='ltr'>medius</span> <span class='ocrx_word' id='word_1_266' title='bbox 1329 1737 1504 1776; x_wconf 85' lang='lat' dir='ltr'>desertor</span> <span class='ocrx_word' id='word_1_267' title='bbox 1537 1751 1737 1776; x_wconf 84' lang='lat' dir='ltr'>sacrorum</span> 
     </span>
     <span class='ocr_line' id='line_1_31' title="bbox 296 1794 1737 1848; baseline -0.002 -14"><span class='ocrx_word' id='word_1_268' title='bbox 296 1798 504 1848; x_wconf 83' lang='lat' dir='ltr'>gentilium</span> <span class='ocrx_word' id='word_1_269' title='bbox 520 1795 630 1833; x_wconf 90' lang='lat' dir='ltr'>fieret</span> <span class='ocrx_word' id='word_1_270' title='bbox 651 1801 689 1831; x_wconf 88' lang='lat' dir='ltr'>et</span> <span class='ocrx_word' id='word_1_271' title='bbox 710 1795 864 1845; x_wconf 87' lang='lat' dir='ltr'>palam,</span> <span class='ocrx_word' id='word_1_272' title='bbox 906 1794 1002 1846; x_wconf 92' lang='lat' dir='ltr'>quid</span> <span class='ocrx_word' id='word_1_273' title='bbox 1026 1794 1075 1832; x_wconf 89' lang='lat' dir='ltr'>de</span> <span class='ocrx_word' id='word_1_274' title='bbox 1095 1795 1352 1846; x_wconf 83' lang='lat' dir='ltr'>religionibus</span> <span class='ocrx_word' id='word_1_275' title='bbox 1369 1795 1553 1843; x_wconf 85' lang='lat' dir='ltr'>sentiret,</span> <span class='ocrx_word' id='word_1_276' title='bbox 1581 1795 1737 1844; x_wconf 88' lang='lat' dir='ltr'>legibus</span> 
     </span>
     <span class='ocr_line' id='line_1_32' title="bbox 294 1849 1738 1903; baseline -0.001 -14"><span class='ocrx_word' id='word_1_277' title='bbox 294 1853 555 1903; x_wconf 82' lang='lat' dir='ltr'>promulgatis</span> <span class='ocrx_word' id='word_1_278' title='bbox 576 1850 803 1888; x_wconf 86' lang='lat' dir='ltr'>declararet.</span> <span class='ocrx_word' id='word_1_279' title='bbox 860 1852 913 1887; x_wconf 86' lang='lat' dir='ltr'>ita</span> <span class='ocrx_word' id='word_1_280' title='bbox 934 1852 1062 1888; x_wconf 85' lang='lat' dir='ltr'>lentus</span> <span class='ocrx_word' id='word_1_281' title='bbox 1079 1852 1148 1888; x_wconf 91' lang='lat' dir='ltr'>ille</span> <span class='ocrx_word' id='word_1_282' title='bbox 1170 1858 1210 1888; x_wconf 89' lang='lat' dir='ltr'>et</span> <span class='ocrx_word' id='word_1_283' title='bbox 1227 1852 1400 1888; x_wconf 88' lang='lat' dir='ltr'>occultus</span> <span class='ocrx_word' id='word_1_284' title='bbox 1418 1852 1664 1901; x_wconf 86' lang='lat' dir='ltr'>imperatoris</span> <span class='ocrx_word' id='word_1_285' title='bbox 1685 1849 1738 1887; x_wconf 86' lang='lat' dir='ltr'>ad</span> 
     </span>
     <span class='ocr_line' id='line_1_33' title="bbox 297 1905 1736 1945; baseline -0.001 0"><span class='ocrx_word' id='word_1_286' title='bbox 297 1909 449 1945; x_wconf 86' lang='lat' dir='ltr'>cultum</span> <span class='ocrx_word' id='word_1_287' title='bbox 477 1906 621 1944; x_wconf 87' lang='lat' dir='ltr'>Christi</span> <span class='ocrx_word' id='word_1_288' title='bbox 658 1905 838 1943; x_wconf 82' lang='lat' dir='ltr'>divinum</span> <span class='ocrx_word' id='word_1_289' title='bbox 868 1908 1055 1944; x_wconf 87' lang='lat' dir='ltr'>transitus</span> <span class='ocrx_word' id='word_1_290' title='bbox 1083 1907 1202 1944; x_wconf 80' lang='lat' dir='ltr'>variis</span> <span class='ocrx_word' id='word_1_291' title='bbox 1232 1906 1440 1944; x_wconf 87' lang='lat' dir='ltr'>hominum</span> <span class='ocrx_word' id='word_1_292' title='bbox 1468 1907 1671 1943; x_wconf 77' lang='lat' dir='ltr'>sententiis</span> <span class='ocrx_word' id='word_1_293' title='bbox 1698 1913 1736 1943; x_wconf 88' lang='lat' dir='ltr'>et</span> 
     </span>
     <span class='ocr_line' id='line_1_34' title="bbox 296 1961 1736 2012; baseline -0.001 -12"><span class='ocrx_word' id='word_1_294' title='bbox 296 1963 583 2000; x_wconf 85' lang='lat' dir='ltr'>narrationibus</span> <span class='ocrx_word' id='word_1_295' title='bbox 605 1963 737 1999; x_wconf 89' lang='lat' dir='ltr'>locum</span> <span class='ocrx_word' id='word_1_296' title='bbox 756 1961 848 1998; x_wconf 89' lang='lat' dir='ltr'>dare</span> <span class='ocrx_word' id='word_1_297' title='bbox 866 1964 1004 2012; x_wconf 86' lang='lat' dir='ltr'>potuit,</span> <span class='ocrx_word' id='word_1_298' title='bbox 1033 1969 1076 1999; x_wconf 93' lang='lat' dir='ltr'>ut</span> <span class='ocrx_word' id='word_1_299' title='bbox 1092 1964 1159 1999; x_wconf 91' lang='lat' dir='ltr'>alii</span> <span class='ocrx_word' id='word_1_300' title='bbox 1177 1964 1367 2000; x_wconf 87' lang='lat' dir='ltr'>maturius</span> <span class='ocrx_word' id='word_1_301' title='bbox 1386 1963 1454 1998; x_wconf 87' lang='lat' dir='ltr'>alii</span> <span class='ocrx_word' id='word_1_302' title='bbox 1473 1963 1592 2012; x_wconf 87' lang='lat' dir='ltr'>paulo</span> <span class='ocrx_word' id='word_1_303' title='bbox 1612 1963 1736 1999; x_wconf 88' lang='lat' dir='ltr'>serius</span> 
     </span>
     <span class='ocr_line' id='line_1_35' title="bbox 296 2016 1736 2069; baseline -0.001 -13"><span class='ocrx_word' id='word_1_304' title='bbox 296 2019 597 2056; x_wconf 86' lang='lat' dir='ltr'>Constantinum</span> <span class='ocrx_word' id='word_1_305' title='bbox 633 2016 943 2054; x_wconf 79' lang='lat' dir='ltr'>Christianorum</span> <span class='ocrx_word' id='word_1_306' title='bbox 970 2032 1135 2056; x_wconf 89' lang='lat' dir='ltr'>numero</span> <span class='ocrx_word' id='word_1_307' title='bbox 1167 2024 1428 2056; x_wconf 85' lang='lat' dir='ltr'>accenserent.</span> <span class='ocrx_word' id='word_1_308' title='bbox 1486 2030 1588 2069; x_wconf 89' lang='lat' dir='ltr'>quae</span> <span class='ocrx_word' id='word_1_309' title='bbox 1615 2019 1736 2068; x_wconf 84' lang='lat' dir='ltr'>igitur</span> 
     </span>
     <span class='ocr_line' id='line_1_36' title="bbox 296 2072 1735 2125; baseline -0.001 -13"><span class='ocrx_word' id='word_1_310' title='bbox 296 2075 445 2112; x_wconf 87' lang='lat' dir='ltr'>Zosimi</span> <span class='ocrx_word' id='word_1_311' title='bbox 463 2080 591 2124; x_wconf 88' lang='lat' dir='ltr'>potest</span> <span class='ocrx_word' id='word_1_312' title='bbox 611 2086 693 2110; x_wconf 88' lang='lat' dir='ltr'>esse</span> <span class='ocrx_word' id='word_1_313' title='bbox 711 2072 976 2124; x_wconf 88' lang='lat' dir='ltr'>reprehensio,</span> <span class='ocrx_word' id='word_1_314' title='bbox 1007 2075 1041 2111; x_wconf 86' lang='lat' dir='ltr'>si</span> <span class='ocrx_word' id='word_1_315' title='bbox 1058 2081 1268 2125; x_wconf 89' lang='lat' dir='ltr'>postquam</span> <span class='ocrx_word' id='word_1_316' title='bbox 1286 2074 1440 2124; x_wconf 86' lang='lat' dir='ltr'>legibus</span> <span class='ocrx_word' id='word_1_317' title='bbox 1456 2087 1527 2124; x_wconf 91' lang='lat' dir='ltr'>pro</span> <span class='ocrx_word' id='word_1_318' title='bbox 1543 2072 1735 2111; x_wconf 85' lang='lat' dir='ltr'>Christia-</span> 
     </span>
     <span class='ocr_line' id='line_1_37' title="bbox 295 2128 1736 2181; baseline 0.001 -15"><span class='ocrx_word' id='word_1_319' title='bbox 295 2131 359 2167; x_wconf 87' lang='lat' dir='ltr'>nis</span> <span class='ocrx_word' id='word_1_320' title='bbox 372 2130 463 2167; x_wconf 88' lang='lat' dir='ltr'>latis</span> <span class='ocrx_word' id='word_1_321' title='bbox 483 2128 531 2166; x_wconf 89' lang='lat' dir='ltr'>de</span> <span class='ocrx_word' id='word_1_322' title='bbox 550 2128 793 2166; x_wconf 83' lang='lat' dir='ltr'>Constantini</span> <span class='ocrx_word' id='word_1_323' title='bbox 813 2128 863 2166; x_wconf 89' lang='lat' dir='ltr'>ad</span> <span class='ocrx_word' id='word_1_324' title='bbox 879 2130 1112 2180; x_wconf 87' lang='lat' dir='ltr'>religionem</span> <span class='ocrx_word' id='word_1_325' title='bbox 1125 2129 1387 2167; x_wconf 86' lang='lat' dir='ltr'>Christianam</span> <span class='ocrx_word' id='word_1_326' title='bbox 1405 2142 1563 2167; x_wconf 90' lang='lat' dir='ltr'>accessu</span> <span class='ocrx_word' id='word_1_327' title='bbox 1579 2130 1736 2181; x_wconf 86' lang='lat' dir='ltr'>publice</span> 
     </span>
     <span class='ocr_line' id='line_1_38' title="bbox 297 2185 1736 2236; baseline 0 -13"><span class='ocrx_word' id='word_1_328' title='bbox 297 2193 475 2223; x_wconf 85' lang='lat' dir='ltr'>constare</span> <span class='ocrx_word' id='word_1_329' title='bbox 504 2186 652 2234; x_wconf 90' lang='lat' dir='ltr'>coepit,</span> <span class='ocrx_word' id='word_1_330' title='bbox 689 2197 735 2222; x_wconf 88' lang='lat' dir='ltr'>eo</span> <span class='ocrx_word' id='word_1_331' title='bbox 757 2191 933 2236; x_wconf 88' lang='lat' dir='ltr'>tempore</span> <span class='ocrx_word' id='word_1_332' title='bbox 956 2199 1047 2222; x_wconf 88' lang='lat' dir='ltr'>eum</span> <span class='ocrx_word' id='word_1_333' title='bbox 1075 2185 1264 2224; x_wconf 89' lang='lat' dir='ltr'>defecisse</span> <span class='ocrx_word' id='word_1_334' title='bbox 1286 2198 1309 2222; x_wconf 90' lang='lat' dir='ltr'>a</span> <span class='ocrx_word' id='word_1_335' title='bbox 1328 2186 1465 2222; x_wconf 85' lang='lat' dir='ltr'>ritibus</span> <span class='ocrx_word' id='word_1_336' title='bbox 1483 2187 1620 2236; x_wconf 90' lang='lat' dir='ltr'>priscis</span> <span class='ocrx_word' id='word_1_337' title='bbox 1637 2186 1736 2223; x_wconf 89' lang='lat' dir='ltr'>scri-</span> 
     </span>
     <span class='ocr_line' id='line_1_39' title="bbox 295 2239 1737 2293; baseline 0 -14"><span class='ocrx_word' id='word_1_338' title='bbox 295 2241 377 2289; x_wconf 87' lang='lat' dir='ltr'>bit,</span> <span class='ocrx_word' id='word_1_339' title='bbox 406 2239 449 2278; x_wconf 86' lang='lat' dir='ltr'>id</span> <span class='ocrx_word' id='word_1_340' title='bbox 474 2239 580 2292; x_wconf 90' lang='lat' dir='ltr'>quod</span> <span class='ocrx_word' id='word_1_341' title='bbox 596 2240 644 2277; x_wconf 91' lang='lat' dir='ltr'>ab</span> <span class='ocrx_word' id='word_1_342' title='bbox 667 2253 768 2277; x_wconf 88' lang='lat' dir='ltr'>anno</span> <span class='ocrx_word' id='word_1_343' title='bbox 791 2240 884 2289; x_wconf 82' lang='lat'>324,</span> <span class='ocrx_word' id='word_1_344' title='bbox 914 2243 1065 2279; x_wconf 88' lang='lat' dir='ltr'>Licinio</span> <span class='ocrx_word' id='word_1_345' title='bbox 1087 2256 1108 2278; x_wconf 89' lang='lat' dir='ltr'>e</span> <span class='ocrx_word' id='word_1_346' title='bbox 1125 2241 1257 2279; x_wconf 89' lang='lat' dir='ltr'>medio</span> <span class='ocrx_word' id='word_1_347' title='bbox 1276 2242 1428 2279; x_wconf 88' lang='lat' dir='ltr'>sublato</span> <span class='ocrx_word' id='word_1_348' title='bbox 1445 2243 1612 2293; x_wconf 87' lang='lat' dir='ltr'>ipsoque</span> <span class='ocrx_word' id='word_1_349' title='bbox 1631 2243 1737 2279; x_wconf 87' lang='lat' dir='ltr'>Con-</span> 
     </span>
     <span class='ocr_line' id='line_1_40' title="bbox 297 2296 1735 2346; baseline -0.001 -11"><span class='ocrx_word' id='word_1_350' title='bbox 297 2298 469 2335; x_wconf 84' lang='lat' dir='ltr'>stantino</span> <span class='ocrx_word' id='word_1_351' title='bbox 500 2297 583 2333; x_wconf 93' lang='lat' dir='ltr'>solo</span> <span class='ocrx_word' id='word_1_352' title='bbox 604 2296 705 2332; x_wconf 88' lang='lat' dir='ltr'>orbis</span> <span class='ocrx_word' id='word_1_353' title='bbox 727 2297 896 2333; x_wconf 89' lang='lat' dir='ltr'>Romani</span> <span class='ocrx_word' id='word_1_354' title='bbox 917 2296 1076 2335; x_wconf 86' lang='lat' dir='ltr'>domino</span> <span class='ocrx_word' id='word_1_355' title='bbox 1097 2299 1325 2346; x_wconf 89' lang='lat' dir='ltr'>constituto,</span> <span class='ocrx_word' id='word_1_356' title='bbox 1365 2297 1514 2334; x_wconf 85' lang='lat' dir='ltr'>factum</span> <span class='ocrx_word' id='word_1_357' title='bbox 1534 2311 1618 2335; x_wconf 89' lang='lat' dir='ltr'>esse</span> <span class='ocrx_word' id='word_1_358' title='bbox 1639 2310 1735 2334; x_wconf 88' lang='lat' dir='ltr'>con-</span> 
     </span>
     <span class='ocr_line' id='line_1_41' title="bbox 297 2350 1738 2404; baseline 0 -14"><span class='ocrx_word' id='word_1_359' title='bbox 297 2360 375 2391; x_wconf 87' lang='lat' dir='ltr'>stat</span> <span class='ocrx_word' id='word_1_360' title='bbox 398 2351 504 2403; x_wconf 78' lang='lat' dir='ltr'>(vid.</span> <span class='ocrx_word' id='word_1_361' title='bbox 529 2350 738 2389; x_wconf 88' lang='lat' dir='ltr'>Moshemii</span> <span class='ocrx_word' id='word_1_362' title='bbox 768 2354 863 2388; x_wconf 86' lang='lat' dir='ltr'>Inst.</span> <span class='ocrx_word' id='word_1_363' title='bbox 893 2355 943 2390; x_wconf 89' lang='lat' dir='ltr'>H.</span> <span class='ocrx_word' id='word_1_364' title='bbox 974 2354 1082 2390; x_wconf 90' lang='lat' dir='ltr'>Eccl.</span> <span class='ocrx_word' id='word_1_365' title='bbox 1111 2366 1212 2391; x_wconf 90' lang='lat' dir='ltr'>saec.</span> <span class='ocrx_word' id='word_1_366' title='bbox 1233 2351 1306 2404; x_wconf 81' lang='lat'>4).</span> <span class='ocrx_word' id='word_1_367' title='bbox 1361 2353 1416 2389; x_wconf 89' lang='lat' dir='ltr'>ita</span> <span class='ocrx_word' id='word_1_368' title='bbox 1440 2365 1520 2390; x_wconf 93' lang='lat' dir='ltr'>non</span> <span class='ocrx_word' id='word_1_369' title='bbox 1546 2360 1605 2390; x_wconf 92' lang='lat' dir='ltr'>est</span> <span class='ocrx_word' id='word_1_370' title='bbox 1630 2353 1738 2404; x_wconf 87' lang='lat' dir='ltr'>quod</span> 
     </span>
     <span class='ocr_line' id='line_1_42' title="bbox 296 2407 1736 2459; baseline 0 -14"><span class='ocrx_word' id='word_1_371' title='bbox 296 2408 495 2446; x_wconf 86' lang='lat' dir='ltr'>mendacii</span> <span class='ocrx_word' id='word_1_372' title='bbox 514 2421 604 2444; x_wconf 87' lang='lat' dir='ltr'>eum</span> <span class='ocrx_word' id='word_1_373' title='bbox 623 2414 690 2444; x_wconf 88' lang='lat' dir='ltr'>aut</span> <span class='ocrx_word' id='word_1_374' title='bbox 706 2407 795 2444; x_wconf 87' lang='lat' dir='ltr'>falsi</span> <span class='ocrx_word' id='word_1_375' title='bbox 815 2420 1039 2457; x_wconf 83' lang='lat' dir='ltr'>arguamus.</span> <span class='ocrx_word' id='word_1_376' title='bbox 1096 2422 1235 2446; x_wconf 82' lang='lat' dir='ltr'>verum</span> <span class='ocrx_word' id='word_1_377' title='bbox 1251 2410 1329 2445; x_wconf 86' lang='lat' dir='ltr'>alia</span> <span class='ocrx_word' id='word_1_378' title='bbox 1352 2422 1443 2445; x_wconf 88' lang='lat' dir='ltr'>eum</span> <span class='ocrx_word' id='word_1_379' title='bbox 1467 2410 1610 2459; x_wconf 89' lang='lat' dir='ltr'>premit</span> <span class='ocrx_word' id='word_1_380' title='bbox 1628 2408 1736 2445; x_wconf 78' lang='lat' dir='ltr'>diffi-</span> 
     </span>
     <span class='ocr_line' id='line_1_43' title="bbox 297 2463 1735 2515; baseline 0 -14"><span class='ocrx_word' id='word_1_381' title='bbox 297 2465 445 2512; x_wconf 84' lang='lat' dir='ltr'>cultas,</span> <span class='ocrx_word' id='word_1_382' title='bbox 477 2476 578 2515; x_wconf 86' lang='lat' dir='ltr'>quae</span> <span class='ocrx_word' id='word_1_383' title='bbox 595 2476 675 2500; x_wconf 90' lang='lat' dir='ltr'>non</span> <span class='ocrx_word' id='word_1_384' title='bbox 694 2464 748 2499; x_wconf 89' lang='lat' dir='ltr'>ita</span> <span class='ocrx_word' id='word_1_385' title='bbox 766 2463 873 2499; x_wconf 88' lang='lat' dir='ltr'>facili</span> <span class='ocrx_word' id='word_1_386' title='bbox 892 2466 1112 2501; x_wconf 84' lang='lat' dir='ltr'>excutietur</span> <span class='ocrx_word' id='word_1_387' title='bbox 1134 2466 1305 2515; x_wconf 86' lang='lat' dir='ltr'>negotio.</span> <span class='ocrx_word' id='word_1_388' title='bbox 1364 2465 1510 2501; x_wconf 88' lang='lat' dir='ltr'>etenim</span> <span class='ocrx_word' id='word_1_389' title='bbox 1537 2477 1627 2501; x_wconf 87' lang='lat' dir='ltr'>cum</span> <span class='ocrx_word' id='word_1_390' title='bbox 1655 2477 1735 2501; x_wconf 90' lang='lat' dir='ltr'>non</span> 
     </span>
     <span class='ocr_line' id='line_1_44' title="bbox 298 2517 1737 2571; baseline 0.001 -14"><span class='ocrx_word' id='word_1_391' title='bbox 298 2521 401 2557; x_wconf 84' lang='lat' dir='ltr'>victo</span> <span class='ocrx_word' id='word_1_392' title='bbox 432 2521 608 2568; x_wconf 90' lang='lat' dir='ltr'>Licinio,</span> <span class='ocrx_word' id='word_1_393' title='bbox 646 2517 752 2571; x_wconf 91' lang='lat' dir='ltr'>quod</span> <span class='ocrx_word' id='word_1_394' title='bbox 779 2531 816 2555; x_wconf 85' lang='lat' dir='ltr'>a.</span> <span class='ocrx_word' id='word_1_395' title='bbox 847 2519 929 2560; x_wconf 80' lang='lat'>324</span> <span class='ocrx_word' id='word_1_396' title='bbox 954 2521 1122 2567; x_wconf 83' lang='lat' dir='ltr'>factum,</span> <span class='ocrx_word' id='word_1_397' title='bbox 1175 2520 1245 2558; x_wconf 90' lang='lat' dir='ltr'>sed</span> <span class='ocrx_word' id='word_1_398' title='bbox 1271 2521 1479 2557; x_wconf 86' lang='lat' dir='ltr'>commissa</span> <span class='ocrx_word' id='word_1_399' title='bbox 1502 2521 1668 2557; x_wconf 84' lang='lat' dir='ltr'>Faustae</span> <span class='ocrx_word' id='word_1_400' title='bbox 1697 2529 1737 2558; x_wconf 91' lang='lat' dir='ltr'>et</span> 
     </span>
     <span class='ocr_line' id='line_1_45' title="bbox 300 2574 1736 2627; baseline 0.001 -15"><span class='ocrx_word' id='word_1_401' title='bbox 300 2575 428 2626; x_wconf 90' lang='lat' dir='ltr'>Crispi</span> <span class='ocrx_word' id='word_1_402' title='bbox 459 2575 576 2612; x_wconf 86' lang='lat' dir='ltr'>caede</span> <span class='ocrx_word' id='word_1_403' title='bbox 607 2574 783 2626; x_wconf 88' lang='lat' dir='ltr'>adeoque</span> <span class='ocrx_word' id='word_1_404' title='bbox 807 2587 844 2611; x_wconf 82' lang='lat' dir='ltr'>a.</span> <span class='ocrx_word' id='word_1_405' title='bbox 870 2577 950 2615; x_wconf 82' lang='lat'>326</span> <span class='ocrx_word' id='word_1_406' title='bbox 980 2577 1247 2625; x_wconf 87' lang='lat' dir='ltr'>expiationem</span> <span class='ocrx_word' id='word_1_407' title='bbox 1276 2577 1488 2627; x_wconf 89' lang='lat' dir='ltr'>imperator</span> <span class='ocrx_word' id='word_1_408' title='bbox 1511 2577 1672 2626; x_wconf 87' lang='lat' dir='ltr'>petiisse</span> <span class='ocrx_word' id='word_1_409' title='bbox 1697 2584 1736 2613; x_wconf 87' lang='lat' dir='ltr'>et</span> 
     </span>
     <span class='ocr_line' id='line_1_46' title="bbox 299 2630 1737 2681; baseline 0.001 -13"><span class='ocrx_word' id='word_1_410' title='bbox 299 2638 443 2681; x_wconf 85' lang='lat' dir='ltr'>negata</span> <span class='ocrx_word' id='word_1_411' title='bbox 467 2645 512 2668; x_wconf 85' lang='lat' dir='ltr'>ea</span> <span class='ocrx_word' id='word_1_412' title='bbox 533 2630 584 2668; x_wconf 85' lang='lat' dir='ltr'>ad</span> <span class='ocrx_word' id='word_1_413' title='bbox 602 2630 841 2668; x_wconf 88' lang='lat' dir='ltr'>Christianos</span> <span class='ocrx_word' id='word_1_414' title='bbox 861 2632 1061 2668; x_wconf 86' lang='lat' dir='ltr'>transiisse</span> <span class='ocrx_word' id='word_1_415' title='bbox 1083 2631 1253 2680; x_wconf 89' lang='lat' dir='ltr'>dicatur,</span> <span class='ocrx_word' id='word_1_416' title='bbox 1291 2633 1544 2669; x_wconf 84' lang='lat' dir='ltr'>manifestum</span> <span class='ocrx_word' id='word_1_417' title='bbox 1568 2639 1625 2669; x_wconf 88' lang='lat' dir='ltr'>est</span> <span class='ocrx_word' id='word_1_418' title='bbox 1645 2645 1737 2669; x_wconf 90' lang='lat' dir='ltr'>mu-</span> 
     </span>
     <span class='ocr_line' id='line_1_47' title="bbox 298 2686 1737 2738; baseline 0.003 -16"><span class='ocrx_word' id='word_1_419' title='bbox 298 2689 487 2725; x_wconf 88' lang='lat' dir='ltr'>tationem</span> <span class='ocrx_word' id='word_1_420' title='bbox 515 2689 626 2725; x_wconf 89' lang='lat' dir='ltr'>illam</span> <span class='ocrx_word' id='word_1_421' title='bbox 653 2699 851 2726; x_wconf 84' lang='lat' dir='ltr'>sacrorum</span> <span class='ocrx_word' id='word_1_422' title='bbox 873 2688 991 2725; x_wconf 88' lang='lat' dir='ltr'>nimis</span> <span class='ocrx_word' id='word_1_423' title='bbox 1018 2700 1106 2726; x_wconf 89' lang='lat' dir='ltr'>sero</span> <span class='ocrx_word' id='word_1_424' title='bbox 1133 2701 1157 2725; x_wconf 86' lang='lat' dir='ltr'>a</span> <span class='ocrx_word' id='word_1_425' title='bbox 1173 2686 1331 2727; x_wconf 77' lang='lat' dir='ltr'>Zosimo</span> <span class='ocrx_word' id='word_1_426' title='bbox 1358 2686 1482 2738; x_wconf 89' lang='lat' dir='ltr'>tradi,</span> <span class='ocrx_word' id='word_1_427' title='bbox 1518 2701 1610 2726; x_wconf 86' lang='lat' dir='ltr'>cum</span> <span class='ocrx_word' id='word_1_428' title='bbox 1634 2701 1737 2726; x_wconf 86' lang='lat' dir='ltr'>anuo</span> 
     </span>
    </p>
   </div>
  </div>
 </body>
</html>
