1774 3002
102 385 236 421 Decius.

114 442 145 466 a,
169 432 233 468 249

253 576 406 619 -Aeulov
426 577 788 631 προσαγγελθείσης
812 573 1064 631 ἀναρρήσεως
1084 574 1204 631 αὐτῷ,
1231 573 1284 616 τὰ
1303 572 1553 630 στρατόπεδα
1571 589 1694 616 συνα-

252 55 315 102 24
875 54 1069 99 zosnm

253 170 320 213 καὶ
354 169 422 211 τὸν
450 167 562 225 παρὰ
591 165 719 218 πόδας
747 167 1040 212 ἀποσείσασθαι
1076 167 1256 210 κίνδυνον
1283 169 1351 210 καὶ
1390 164 1476 222 ἅμα
1509 165 1685 223 προστή-

254 241 411 280 σασθαι
443 235 670 293 μόναρχον,
707 234 750 286 ὃς
779 237 846 278 καὶ
872 241 952 279 τῶν
980 240 1119 278 κοινῶν
1151 234 1200 277 ἂν
1228 235 1480 290 ἐπιμεληθείη
1508 241 1689 292 κρεῖσσον

256 306 321 347 καὶ
350 305 396 347 οὗ
424 305 496 347 σὺν
523 303 630 361 πόνῳ
651 303 848 360 περιέσται
874 305 1096 355 Φιλίππου,
1125 307 1303 360 πολιτικῇ
1322 320 1362 345 τε
1387 303 1508 359 ἀρετῇ
1527 305 1593 345 καὶ
1614 319 1688 345 πο-

260 377 397 429 λεμικῇ
426 373 542 431 πείρᾳ
574 370 771 428 προήκων.
839 371 944 427 (22)
978 372 1203 428 περιθέντες
1226 366 1296 413 οὖν
1321 370 1516 427 αὐτῷτὴν
1542 368 1689 427 ἁλουρ-

258 442 364 497 γίδα,
391 442 456 482 καὶ
478 440 538 496 ἐφ’
562 437 690 496 ἑαυτῷ
711 439 848 481 λοιπὸν
869 440 1121 496 ὀρρωδοῦντα
1138 438 1238 495 πρὸς
1255 439 1327 493 τὴν
1348 442 1427 481 τῶν
1448 436 1722 495 πραγμάτωνό
1769 455 1774 467 ’·

258 510 324 551 καὶ
358 507 505 550 ἄκοντα
537 510 765 550 συνωθοῦσι
796 509 1042 561 κηδεμονίαν.
1112 508 1311 556 Φίλιππος
1339 507 1493 556 τοίνυν,
1527 510 1598 560 τῆς
1622 509 1694 548 τοῦ
1764 554 1774 574 4

260 643 393 700 γαγὼν
418 643 584 697 ἤλαυνεν
613 640 667 692 ὥς
700 641 999 697 ἐπιθησόμενος.
1066 643 1104 684 οἳ
1129 643 1172 684 δὲ
1195 641 1269 684 σὺν
1299 646 1356 699 τῷ
1380 642 1525 698 Δεκίῳ,
1554 642 1693 696 καίπερ

255 715 399 767 ’πολλῷ
416 712 572 759 πλείους
591 708 688 751 εἶναι
710 710 804 760 τοὺς
822 711 1020 760 ἐναντίους
1055 708 1219 760 εἰδότες,
1253 708 1362 763 ὅμως
1388 707 1589 765 ἐθάρρουν
1599 739 1613 760 ,
1646 711 1696 764 τῇ

263 780 409 820 Δεκίου
431 775 663 827 πεποιθότες
682 775 876 834 ἐπιστήμῃ
895 779 961 819 καὶ
985 779 1072 834 περὶ
1101 775 1230 819 πάντα
1251 778 1430 835 προνοίᾳ.
1474 774 1698 829 συμπεσόν·
1707 780 1764 814 10“

252 859 342 888 ’των
365 846 407 887 δὲ
427 850 505 887 τῶν
528 846 804 901 στρατοπέδων
826 844 1035 899 ἀλλήλοις,
1069 846 1136 886 καὶ
1165 848 1238 887 τοῦ
1267 845 1341 899 μὲν
1370 848 1428 902 τῷ
1456 842 1603 898 πλήθει
1627 847 1699 885 τοῦ

265 915 309 956 δὲ
330 918 380 970 τῇ
401 914 617 972 στρατηγία
634 916 974 963 πλεονεκτοῦν-τος,
1001 912 1138 955 ἔπεσον
1155 913 1228 966 μὲν
1249 913 1291 954 ἔκ
1312 916 1383 967 τῆς
1407 913 1607 953 Φιλίππου
1624 927 1696 965 με-

265 983 377 1036 ρίδος
406 982 567 1032 πολλοί,
598 982 663 1022 καὶ
693 981 811 1030 αὐτὸς
840 981 882 1022 δὲ
909 981 982 1022 σὺν
1011 980 1145 1030 αὗτοΐς
1167 981 1396 1035 ἀναιρεῖται,
1430 981 1586 1021 καὶτοῦ
1605 996 1698 1021 παι-

266 1047 361 1100 δός,
396 1048 440 1090 ὃν
471 1048 580 1102 ἔτυχε
610 1052 660 1104 τῇ
691 1052 763 1090 τοῦ
790 1050 998 1104 Καίσαρος
1033 1048 1124 1106 ἀξία
1155 1046 1327 1102 τιμήσας
1335 1079 1349 1099 ,
1391 1046 1700 1104 ἀποσφαγέντος.

267 1115 372 1158 οὕτω
397 1116 469 1170 μὲν
492 1111 562 1158 οὖν
583 1116 726 1165 Δέκιος
742 1120 813 1170 τῆς
831 1119 910 1158 τῶν
930 1114 1032 1158 ὅλων
1053 1115 1179 1171 ἀρχῆς
1197 1115 1344 1171 ἐγένετο
1365 1112 1513 1171 κύριος.
1710 1114 1774 1157 15.

401 1184 479 1227 23.
549 1187 643 1225 Τῶν
677 1184 720 1225 δὲ
750 1182 992 1239 πραγμάτιον
1023 1183 1091 1224 διὰ
1118 1183 1189 1237 τὴν
1224 1183 1424 1224 Φιλίππου
1451 1183 1541 1238 περὶ
1572 1177 1703 1223 πάντα

266 1250 466 1304 ἐκμέλειαν
495 1255 674 1307 ταραχῆς
701 1251 1005 1305 πληρωθέντων,
1035 1248 1195 1291 Σκύθαι
1223 1250 1292 1291 τὸν
1319 1248 1471 1291 Τάναϊν
1495 1247 1704 1302 διαβάντες

266 1319 463 1372 ἐληΐζοντο
493 1318 544 1360 τὰ
570 1319 658 1373 περὶ
688 1318 759 1370 τὴν
780 1316 944 1376 Θρᾴκην
964 1319 1117 1374 χωρία·
1153 1315 1212 1366 οἷς
1235 1317 1456 1367 ἐπεξελθὼν
1477 1317 1622 1366 Δέκιος
1637 1317 1705 1358 καὶ

256 1387 310 1427 ἐν
337 1383 485 1435 πάσαις
511 1383 711 1441 κρατήσας
741 1392 829 1434 ταῖς
853 1384 1026 1439 μάχαις,
1056 1383 1323 1440 παρελόμενος
1349 1385 1392 1426 δὲ
1416 1386 1482 1426 καὶ
1507 1388 1579 1439 τῆς
1599 1385 1706 1434 λείας

267 1448 317 1506 ἢν
333 1450 470 1506 ἔτυχον
482 1451 697 1508 εἰληφότες,
719 1452 936 1494 ἀποκλείειν
947 1453 1081 1501 αὐτοῖς
1099 1453 1278 1508 ἐπειρᾶτο
1301 1452 1374 1507 τὴν
1396 1451 1529 1494 οἶκαδε
1547 1449 1774 1505 &vaxati-20*

269 1536 397 1575 ρησιν,
427 1521 661 1576 διαφθεῖραι
679 1522 935 1579 πανωλεθρία
951 1517 1241 1573 διανοούμενος,
1278 1518 1332 1569 ὥς
1349 1518 1398 1561 ἂν
1421 1519 1480 1574 μὴ
1498 1522 1564 1561 καὶ
1586 1514 1708 1569 αὖθις
1759 1572 1774 1583 a

269 1584 435 1637 ἑαυτοὺς
458 1585 743 1643 συναγαγόντες
765 1589 980 1630 ἐπέλθοιεν.
1047 1586 1205 1629 Γάλλον
1240 1587 1289 1641 δὴ
1316 1585 1530 1642 ἐπιστήσας
1558 1591 1609 1643 τῇ
1635 1590 1708 1629 τοῦ
1763 1585 1774 1615 Ἰ

270 1652 474 1705 Τανάϊδος
498 1653 604 1711 ὄχθῃ
627 1655 729 1709 μετὰ
761 1653 966 1710 δυνάμεως
988 1653 1187 1712 ἀρκούσης
1213 1653 1334 1705 αὐτὸς
1359 1661 1444 1706 τοῖς
1466 1655 1708 1709 λειπομένοις

360 1795 407 1829 12
429 1792 600 1842 στρατείᾳ
619 1793 689 1828 LP.
824 1796 869 1830 22
890 1793 930 1830 δὲ
946 1795 989 1830 Ρ.

271 1914 361 1959 quod
378 1919 456 1949 ante
469 1915 572 1960 pedes
585 1919 687 1959 esset,
710 1916 926 1951 amolirentur
935 1943 946 1960 ‚
969 1920 1004 1951 et
1022 1917 1118 1951 simul
1133 1916 1316 1961 principem
1329 1925 1477 1950 summae
1492 1914 1543 1949 rei
1556 1914 1710 1959 publicae

273 1960 507 2005 praeficerent,
529 1961 587 2004 qui
601 1973 673 1995 eam
687 1962 802 1995 melius
821 1966 957 2005 gereret
971 1967 1006 1996 et
1021 1963 1147 2006 absque
1161 1962 1277 1995 labore
1289 1961 1442 2006 superior
1455 1961 1588 1994 futurus
1607 1964 1710 2002 esset,

273 2010 314 2038 ut
334 2005 390 2048 qui
414 2005 505 2038 civili
519 2006 645 2039 virtute
658 2007 785 2050 pariter
805 2012 840 2040 et
854 2018 915 2040 usu
933 2007 1062 2041 militari
1077 2007 1264 2051 Philippum
1278 2005 1434 2040 anteiret.
1485 2006 1583 2049 (22)
1605 2005 1711 2049 igitur

273 2050 427 2083 amictum
448 2060 598 2095 purpura
620 2051 779 2089 Decium.
802 2056 838 2084 et
859 2051 920 2085 sibi
938 2051 1001 2085 iam
1015 2055 1235 2092 metuentem,
1254 2050 1298 2084 ad
1341 2049 1584 2084 rocurationem
1598 2061 1711 2083 rerum

273 2095 331 2129 vel
354 2094 491 2129 invitum
514 2096 722 2139 compellunt.
767 2096 962 2141 Philippus,
984 2101 1122 2141 accepto
1148 2096 1192 2130 de
1217 2095 1316 2140 appel
1329 2095 1444 2130 atione
1466 2095 1565 2129 Decii
1583 2095 1712 2137 nuntio,

273 2139 401 2173 coactis
422 2140 634 2182 exercitibus,
658 2141 752 2174 velut
766 2141 894 2174 hostem
910 2152 1128 2185 aggressurus
1139 2166 1149 2181 ,
1170 2141 1207 2174 in
1226 2152 1298 2174 eum
1313 2140 1430 2175 movit.
1476 2140 1533 2184 qui
1545 2151 1627 2174 vero
1641 2144 1714 2174 sta-

273 2184 357 2218 bant
371 2196 392 2218 a
405 2185 510 2218 Decio
526 2185 652 2226 milites,
674 2185 754 2219 licet
768 2187 810 2219 ab
827 2186 1026 2219 adversariis
1041 2198 1175 2220 numero
1190 2197 1227 2220 se
1245 2185 1332 2219 vinci
1349 2191 1492 2226 nossent,
1514 2190 1624 2220 tamen
1641 2185 1715 2218 De-

275 2229 319 2263 cii
340 2233 409 2263 tam
436 2230 559 2274 peritia
583 2241 679 2274 quam
702 2231 735 2264 in
761 2231 908 2264 omnibus
932 2232 1032 2265 rebus
1058 2230 1268 2276 providentia
1292 2231 1372 2264 freti
1394 2231 1575 2266 fidentibus
1597 2229 1714 2265 animis

274 2278 381 2309 erant.
427 2274 484 2309 ubi
500 2276 740 2309 concurrissent
756 2276 940 2318 exercitus,
962 2277 1067 2310 altero
1083 2276 1216 2310 nomine
1237 2275 1474 2318 multitudinis,
1496 2276 1604 2310 altero
1620 2274 1715 2308 ducis

275 2320 460 2364 superiore,
484 2320 670 2365 complures
695 2332 714 2354 a
729 2321 876 2365 Philippi
897 2322 1045 2366 partibus
1061 2321 1274 2363 ceciderunt3
1296 2321 1386 2354 inter
1405 2331 1488 2365 quos
1503 2319 1625 2365 etipse
1639 2330 1713 2354 cum

273 2365 357 2406 filio,
380 2375 478 2409 quem
493 2365 646 2399 Caesaris
663 2366 822 2409 dignitate
837 2367 1124 2408 cohonestaverat‚
1147 2376 1263 2400 caesus
1278 2366 1353 2401 fuit.
1398 2366 1464 2400 hoc
1477 2365 1576 2400 modo
1590 2365 1714 2399 Decius

274 2421 400 2444 summo
418 2410 543 2455 potitus
561 2415 612 2444 est
625 2411 771 2456 imperio.

365 2456 419 2490 23.
466 2455 554 2496 Quia
573 2466 654 2489 vero
676 2456 795 2500 plenae
815 2455 1077 2500 perturbationis
1092 2468 1147 2490 res
1169 2460 1267 2490 erant
1283 2456 1326 2490 ob
1341 2456 1479 2490 inertem
1497 2453 1642 2499 Philippi
1656 2464 1716 2487 so-

275 2499 423 2534 cordiam
437 2500 471 2534 in
490 2501 657 2541 omnibus,
682 2501 831 2544 Scythae
844 2502 988 2535 Tanaim
1002 2502 1203 2544 transgressi
1218 2501 1328 2534 vicina
1343 2499 1511 2534 Thraciae
1524 2499 1599 2533 loca
1614 2509 1714 2542 prae-

275 2544 327 2578 dis
343 2546 480 2588 agendis
494 2546 719 2588 infestabant3
745 2557 828 2590 quos
842 2558 1021 2590 aggressus
1035 2547 1168 2588 Decius,
1185 2551 1220 2580 et
1234 2546 1382 2579 omnibus
1397 2544 1532 2590 proeliis
1550 2543 1715 2588 superior,

273 2591 400 2642 praeda
425 2601 556 2635 quoque
576 2596 712 2636 recepta
737 2602 803 2635 qua
823 2592 919 2636 potiti
935 2593 1080 2633 fuerant,
1105 2602 1170 2635 quo
1187 2591 1293 2625 minus
1313 2591 1442 2624 domum
1456 2594 1717 2626 reverterentur,

273 2639 340 2667 lter
355 2635 403 2669 eis
419 2635 595 2670 occludere
610 2637 794 2670 conabatur
805 2662 814 2675 ,
837 2641 872 2670 et
887 2636 1060 2670 universos
1075 2636 1119 2670 ad
1134 2635 1392 2670 internecionem
1407 2634 1519 2668 delere
1533 2631 1716 2676 cogitabat,

274 2689 318 2713 ne
335 2679 441 2716 denuo
457 2682 581 2716 coactis
598 2681 702 2727 copiis
715 2681 895 2717 irruerent.
941 2692 1083 2727 cumque
1106 2681 1241 2717 Gallum
1265 2680 1310 2715 ad
1332 2679 1495 2715 Tanaidis
1517 2677 1622 2725 ripam
1636 2677 1718 2714 satis
