1812 3016
278 111 374 157 306
897 106 1094 152 ZOSIMI

275 230 375 275 λεως
390 214 706 281 πεντακισχιλίας
720 221 792 277 μὲν
808 222 977 279 χρυσίου
998 221 1150 279 λίτρας,
1182 219 1419 278 τρισμυρίας
1436 237 1477 264 τε
1496 218 1598 276 πρὸς
1615 216 1714 262 ταύ-

275 310 365 342 ταις
384 293 595 349 ἀργυρίου,
630 291 816 348 σηρικοὺς
845 291 888 332 δὲ
911 290 1246 346 τετρακισχιλίους
1263 293 1456 343 χιτῶνας,
1481 286 1537 330 ἔτι
1557 287 1601 330 δὲ
1620 305 1715 329 κοκ-

277 365 441 417 κοβαφῆ
466 361 663 417 τρισχίλια
688 360 867 415 δέρματα
894 360 960 400 καὶ
989 359 1124 414 πέπερι
1153 357 1339 411 σταθμὸν
1360 357 1472 399 ἕλκον
1487 357 1715 413 τρισχιλίων

273 432 431 484 λιτρῶν.
500 427 572 469 οὐκ
603 427 727 468 ὄντων
755 427 797 468 δὲ
828 430 879 482 τῇ
908 424 1019 468 πόλει
1042 427 1242 479 δημοσίων
1257 421 1496 481 χρημάτων,
1529 427 1641 465 πᾶσα
1663 417 1713 476 ἦν

273 495 423 551 ἀνάγκη
445 501 528 544 τοῖς
551 494 628 536 ἀπὸ
651 499 721 546 τῆς
739 495 968 550 γερουσίας,
1004 492 1090 535 ὅσοι
1110 493 1184 543 τὰς
1204 493 1342 542 οὐσίας
1363 490 1489 546 εἶχον,
1524 492 1568 533 ἓκ
1586 500 1744 534 κατα-5

270 568 431 620 γραφῆς
452 561 599 617 ταύτην
619 560 838 615 ὑποστῆναι
863 561 935 615 τὴν
955 559 1162 617 εἰσφοράν.
1229 562 1454 616 ἐπιτραπεὶς
1476 559 1519 600 δὲ
1538 557 1712 600 Παλλά-

274 634 359 681 διος
379 635 429 687 τῇ
451 628 616 683 δυνάμει
639 634 709 683 τῆς
731 628 899 671 ἑκάστου
928 630 1156 684 περιουσίας
1183 627 1228 670 τὸ
1256 625 1531 682 δοθησόμενον
1557 642 1712 680 συμμε-
1739 680 1751 693 ρ

270 704 435 756 τρῆσαι,
469 700 536 739 καὶ
567 695 820 751 ἄδυνατήσας
856 699 911 746 εἷς
941 695 1156 752 ὁλόκληρον
1183 694 1340 737 ἅπαντα
1362 698 1650 751 συναθροῖσαι,
1684 693 1711 748 ἢ

270 772 350 809 τῶν
382 765 625 819 κεκτημένων
650 765 773 820 μέρος
793 782 831 806 τι
851 768 930 806 τῶν
956 763 1079 805 ὄντων
1103 761 1424 819 ἀποκρυψάντων
1443 762 1470 817 ἢ
1493 764 1560 804 καὶ
1581 761 1712 810 ἄλλως

270 851 355 883 πως
385 835 440 882 εἲς
470 834 605 874 πενίαν
634 836 707 886 τῆς
742 830 893 881 πόλεως
922 829 1120 885 ἐλθούσης
1150 831 1217 872 διὰ
1245 831 1319 881 τὰς
1356 828 1602 884 ἐπαλλήλους
1634 833 1712 871 τῶν
1724 836 1768 870 10

269 899 522 958 κρατούντων
554 901 797 950 πλεονεξίας,
835 901 898 941 ἐπὶ
926 899 997 941 τὸν
1026 903 1238 956 κολοφῶνα
1266 903 1346 941 τῶν
1372 902 1504 940 κακῶν
1525 895 1546 938 ὃ
1569 896 1620 938 τὰ
1640 897 1713 938 ἀν-

268 968 458 1025 θρώπινα
476 967 609 1020 λαχὼν
627 965 829 1020 ἀλιτήριος
847 967 1001 1020 δαίμων
1017 966 1068 1008 τὰ
1085 965 1302 1022 πράγματα
1317 964 1565 1021 πράττοντας
1576 963 1712 1020 ἤγαγε.

269 1037 314 1079 τὸ
343 1036 420 1092 γὰρ
454 1037 631 1076 ἐλλεῖπον
663 1035 949 1091 ἀναπληρῶσαι
981 1033 1048 1076 διὰ
1076 1039 1150 1076 τοῦ
1176 1032 1329 1088 κόσμου
1352 1038 1425 1076 τοῦ
1444 1033 1710 1089 περικειμένου

267 1111 351 1153 τοῖς
383 1102 610 1159 ἀγάλμασιν
643 1101 841 1158 ἔγνωσαν,
877 1100 972 1158 ὅπερ
1011 1102 1125 1145 οὐδὲν
1155 1102 1286 1158 ἕτερον
1314 1095 1364 1156 ἦν
1394 1100 1422 1156 ἢ
1455 1101 1506 1143 τὰ
1539 1104 1712 1149 τελεταῖς

268 1171 400 1227 ἆγιάις
421 1172 723 1227 καθιδρυθέντα
742 1172 808 1211 καὶ
831 1175 904 1212 τοῦ
924 1169 1174 1224 καθήκοντος
1197 1168 1350 1223 κόσμου
1375 1167 1547 1222 τυχόντα
1571 1167 1639 1210 διὰ
1665 1167 1709 1209 τὸ
1722 1174 1764 1210 15

268 1237 444 1296 φυλάξαι
465 1242 516 1294 τῇ
539 1237 649 1279 πόλει
671 1238 743 1291 τὴν
762 1238 1015 1291 εὐδαιμονίαν
1037 1238 1189 1289 ἀΐδιον,
1223 1237 1516 1290 ἕλαττωθείσης
1543 1233 1646 1278 κατά
1671 1252 1711 1276 τι

266 1311 338 1360 τῆς
371 1310 528 1359 τελετῆς
559 1305 702 1359 ἄψυχα
731 1303 827 1347 εἶναι
861 1307 926 1347 καὶ
963 1305 1212 1361 ἆνενέργητα.
1280 1305 1362 1347 ἐπεὶ
1389 1305 1432 1346 δὲ
1457 1301 1709 1357 πανταχόθεν

266 1373 345 1416 ἴδει
363 1373 413 1415 τὰ
433 1373 605 1429 φέροντα
627 1372 728 1428 πρὸς
751 1371 950 1414 ἀπώλειαν
970 1377 1042 1426 τῆς
1062 1371 1213 1422 πόλεως
1231 1374 1485 1429 συνδραμεῖν,
1519 1371 1591 1413 οὔκ
1611 1370 1711 1412 ἄπε-

267 1439 475 1494 κόσμησαν
500 1439 551 1481 τὰ
582 1438 794 1494 ἀγάλματα
822 1438 970 1493 μόνον,
1006 1440 1108 1481 ἀλλὰ
1129 1442 1195 1481 καὶ
1216 1437 1438 1493 ἔχώνευσάν
1454 1456 1544 1481 τινα
1561 1442 1641 1480 τῶν
1665 1439 1709 1480 ἐκ

263 1513 419 1565 χρυσοῦ
440 1509 504 1549 καὶ
530 1506 704 1563 ἀργύρου
729 1508 1013 1562 πεποιημένων,
1047 1502 1103 1549 ὧν
1125 1502 1175 1562 ἦν
1194 1509 1260 1548 καὶ
1280 1507 1325 1549 τὸ
1354 1511 1426 1562 τῆς
1445 1506 1623 1563 ἀνδρίας,
1658 1505 1764 1560 ἣν20

264 1580 430 1618 καλοῦσι
445 1573 633 1628 Ῥωμαῖοι
656 1573 911 1630 οὗιρτούτεμ·
947 1569 1067 1631 οὗπερ
1094 1575 1412 1632 διαφθαρέντος,
1446 1573 1522 1616 ὅσα
1543 1578 1615 1628 τῆς
1635 1573 1708 1615 ἅν-

265 1645 380 1701 δριάς
401 1637 450 1698 ἧν
470 1644 537 1684 καὶ
559 1642 703 1699 ἀρετῆς
724 1642 836 1699 παρὰ
855 1641 1067 1696 Ῥωμαίοις
1087 1642 1266 1698 ἀπέσβη,
1299 1646 1416 1685 τοῦτο
1441 1645 1520 1684 τῶν
1545 1642 1635 1698 περὶ
1655 1640 1706 1683 τὰ

350 1771 375 1805 3
399 1769 479 1815 ἔχον
500 1770 544 1804 L.
680 1771 725 1806 12
749 1767 811 1815 τοὶ]
834 1769 923 1811 τοὺς
944 1767 1020 1805 roz?
1154 1769 1199 1806 21
1223 1765 1316 1815 ὅπερ
1339 1767 1612 1815 διαφθαρέντες
1630 1768 1704 1805 LP.

352 1817 400 1852 22
421 1816 488 1850 τοῦ
512 1826 552 1850 τε
572 1814 643 1852 LP.
1426 1845 1430 1848 .

263 1927 347 1962 urbe
361 1926 447 1962 solvi
461 1926 608 1972 quinque
622 1926 711 1962 milia
726 1927 835 1974 pondo
851 1927 944 1971 auri,
969 1927 1102 1973 argenti
1116 1926 1259 1973 triginta
1281 1925 1390 1972 milia,
1411 1927 1574 1962 vellerum
1597 1925 1706 1961 cocci-

262 1984 400 2007 neorum
428 1973 495 2006 tria
520 1974 627 2014 milia,
656 1974 782 2018 piperis
805 1974 874 2007 tria
896 1974 1054 2008 librarum
1075 1974 1173 2008 milia.
1219 1973 1307 2017 quod
1322 1976 1431 2007 autem
1448 1973 1558 2006 nullas
1574 1972 1656 2006 urbs
1670 1972 1705 2006 in

261 2020 346 2052 fisco
374 2017 531 2061 pecunias
559 2018 720 2060 haberet,
748 2019 878 2052 omnino
902 2020 1085 2052 necessitas
1110 2018 1286 2062 flagitabat
1301 2022 1339 2051 ut
1351 2018 1374 2051 ii
1389 2023 1581 2058 senatores,
1603 2021 1705 2061 quot-

261 2068 346 2107 quot
370 2062 539 2095 habebant
569 2063 784 2106 patrimonia,
819 2064 1028 2097 collationem
1057 2065 1143 2097 hanc
1166 2075 1208 2096 ex
1230 2062 1454 2106 descriptione
1479 2061 1702 2106 susciperent.

262 2118 405 2151 cumque
419 2106 569 2140 Palladio
585 2107 697 2141 datum
714 2108 776 2140 hoc
790 2109 918 2151 negotii
932 2109 1050 2142 fuisset
1066 2114 1119 2152 ut,
1143 2107 1230 2152 quod
1247 2106 1441 2140 solvendum
1457 2112 1551 2147 erat,
1575 2119 1618 2140 ex
1633 2107 1704 2140 sin-

261 2153 415 2197 gulorum
441 2151 631 2195 patrimonii
655 2152 816 2186 facultate
843 2153 1037 2194 metiretur,
1058 2153 1153 2197 isque
1169 2150 1376 2195 nequivisset
1389 2151 1421 2184 in
1437 2152 1576 2185 solidum
1593 2151 1704 2186 omnia

262 2209 404 2241 cogere,
437 2196 492 2229 vel
525 2196 614 2239 quod
641 2196 703 2240 ipsi
726 2208 938 2241 possessores
960 2203 1088 2242 partem
1112 2197 1254 2241 aliquam
1280 2197 1440 2230 bonorum
1465 2197 1704 2239 occulwssent,

261 2244 320 2276 vel
346 2241 434 2286 quod
457 2246 547 2275 esset
567 2241 648 2274 urbs
673 2241 796 2286 alioqui
821 2247 960 2286 propter
985 2242 1221 2286 imperatorum
1247 2241 1420 2275 continuas
1435 2245 1469 2275 et
1483 2252 1603 2276 avaras
1617 2253 1702 2276 exa-

261 2288 390 2322 ctiones
407 2286 448 2320 ad
465 2290 694 2330 paupertatem
709 2287 864 2330 redacta,
889 2287 1071 2321 sceleratus
1087 2287 1143 2320 ille
1155 2286 1273 2330 genius
1283 2311 1294 2327 ‚
1317 2286 1375 2331 qui
1396 2291 1477 2320 tunc
1491 2286 1630 2320 sortitus
1644 2297 1701 2320 res

261 2334 423 2366 humanas
436 2335 521 2374 erat,
538 2331 579 2364 ad
595 2331 701 2375 ipsum
717 2331 903 2376 colophona
915 2333 1074 2366 malorum
1090 2333 1280 2376 praefectos
1294 2331 1386 2365 hisce
1401 2331 1546 2375 negotiis
1559 2331 1701 2376 impulit.

261 2389 338 2412 nam
354 2376 443 2422 quod
458 2376 575 2411 deerat
586 2376 705 2408 mundo
720 2377 876 2420 supplere
891 2381 1062 2419 statuunt,
1083 2388 1150 2421 quo
1166 2381 1263 2410 erant
1277 2381 1439 2410 exornata
1455 2377 1553 2411 deum
1565 2375 1700 2410 simula-

260 2435 333 2457 cra.
379 2422 471 2467 quod
495 2419 578 2455 sane
597 2421 677 2454 nihil
691 2421 778 2453 aliud
795 2427 868 2454 erat
883 2432 980 2465 quam
996 2422 1170 2455 simulacra
1184 2421 1288 2455 sacris
1302 2421 1421 2455 ritibus
1435 2433 1476 2454 ac
1492 2421 1701 2455 caerimoniis

259 2468 414 2502 dedicata
441 2466 629 2511 mundoque
654 2466 786 2498 decenti
811 2472 995 2506 exornata,
1022 2472 1202 2511 propterea
1220 2466 1310 2510 quod
1324 2467 1398 2500 urbi
1412 2466 1606 2500 felicitatem
1620 2477 1699 2510 per-

260 2518 394 2559 petuam
419 2515 695 2555 conservassent,
717 2511 768 2544 his
791 2510 874 2555 ipsis
897 2511 1106 2545 caerimoniis
1123 2511 1268 2544 nonnihil
1283 2511 1454 2544 deminutis
1468 2522 1543 2544 esse
1556 2511 1699 2544 inanima

261 2569 401 2604 prorsus
425 2562 460 2590 et
485 2556 681 2591 inefficacia.
726 2556 815 2600 quod
838 2556 981 2599 denique
1004 2561 1140 2598 cuncta,
1162 2567 1248 2600 quae
1272 2555 1447 2589 tenderent
1464 2555 1508 2589 ad
1526 2555 1696 2590 interitum

261 2603 370 2646 urbis,
394 2602 539 2646 undique
554 2612 752 2635 concurrere
765 2605 954 2644 oporteret,
972 2612 1038 2634 non
1054 2606 1247 2635 ornamenta
1261 2601 1423 2634 duntaxat
1436 2611 1497 2634 sua
1511 2600 1697 2635 simulacris

260 2649 471 2690 ademerunt,
495 2658 610 2683 verum
627 2647 723 2681 etiam
738 2646 891 2679 nonnulla
907 2657 948 2679 ex
964 2656 1045 2680 auro
1062 2652 1096 2679 et
1110 2650 1249 2689 argento
1263 2647 1356 2679 facta
1371 2645 1567 2680 conflarunt.
1609 2657 1696 2690 quo-

259 2703 332 2726 rum
356 2698 428 2726 erat
451 2693 485 2725 in
509 2703 646 2726 numero
664 2691 880 2726 Fortitudinis
900 2701 1034 2734 quoque
1052 2691 1279 2732 simulacrum,
1302 2701 1402 2735 quam
1417 2690 1560 2724 Romani
1576 2691 1694 2724 Virm-

258 2742 326 2773 tem
342 2743 476 2773 vocant.
522 2749 589 2782 quo
605 2749 687 2773 sane
702 2737 846 2779 abolito,
863 2735 1019 2782 quicquid
1034 2736 1234 2771 fortitudinis
1248 2740 1354 2781 atque
1367 2735 1503 2771 virtutis
1517 2735 1607 2782 apud
1623 2736 1694 2770 Ro-
