1774 3002
257 89 316 120 xr.
605 71 965 119 REITEMEIERI
995 71 1356 129 DISQmSITIO.

257 196 399 246 liceat,
427 208 508 235 non
528 191 582 234 ad
596 193 743 235 iudicia
763 196 846 236 eius
867 195 933 236 vel
949 195 1196 249 iniquissima
1208 225 1219 246 ,
1244 191 1338 245 sed,
1365 191 1425 233 uti
1443 205 1516 247 par
1537 198 1619 244 est,
1648 190 1702 233 ad

257 277 389 302 rerum
423 263 655 303 traditarum
690 266 897 303 veritatem
927 263 1005 302 fide
1032 266 1157 316 ipsius
1188 269 1328 302 exacta
1359 263 1630 303 auctoritatem
1661 261 1700 300 ei

255 330 466 370 reddemus
478 361 489 382 ,
518 338 559 369 et
577 333 782 384 egregium
800 333 1044 385 antiquitatis
1061 339 1363 370 monumentum
1381 345 1434 369 ex
1448 331 1701 383 antiquarum

253 398 458 436 literarum
487 400 693 451 naufragio
722 407 921 439 servatum
941 400 1196 449 laetabimur,
1227 397 1336 452 quod
1351 399 1531 451 quamvis
1549 411 1631 436 non
1647 395 1702 435 ad

252 478 451 504 summam
474 467 759 518 perfectionem
790 468 1034 506 elaboratum
1061 468 1132 517 sit,
1162 480 1296 505 rerum
1317 474 1452 505 tamen
1467 466 1701 503 memoriam

252 546 307 570 ex
324 546 370 571 eo
391 546 488 572 aevo
507 536 724 573 transmisit
744 548 797 573 ex
813 548 891 588 quo
911 536 1060 588 absque
1079 549 1125 573 eo
1139 535 1267 573 multo
1283 534 1398 586 plura
1414 534 1701 585 ignoraremus.

252 600 354 638 bene
382 599 480 639 adeo
505 603 714 641 nobiscum
743 611 876 641 actum
908 604 1158 655 putabimus,
1198 601 1307 655 quod
1331 603 1374 640 in
1398 603 1701 653 epitomatorum

252 667 643 720 chronographorum
663 670 990 723 adulatorumque
1013 671 1125 709 istius
1150 670 1298 709 saeculi
1320 682 1438 720 grege
1458 681 1583 718 unus,
1611 668 1699 718 etsi,

252 737 288 775 si
308 750 397 774 cum
417 738 556 788 priscis
576 739 659 776 illis
679 739 934 790 scriptoribus
961 751 1184 790 compares,
1211 744 1411 790 postremo
1436 736 1524 774 loco
1545 734 1701 774 haben-

253 804 347 854 dus,
375 806 480 843 iuter
508 807 694 859 aequales
721 813 856 845 tamen
879 819 970 844 suos
985 807 1103 844 facile
1123 806 1305 857 princeps
1323 805 1367 842 in
1384 816 1525 842 manus
1545 810 1699 842 nostras

253 885 390 924 sospes
420 875 619 924 pervenit,
651 875 721 927 qui
754 875 997 912 calamitates
1019 875 1246 925 ingruentes
1263 875 1306 910 in
1320 874 1520 911 Romanos
1540 884 1700 909 earum-

249 954 327 993 que
349 953 485 978 causas
505 948 609 979 recte
631 942 806 994 aperuit3
839 954 917 994 quo
942 942 1104 978 nomine
1124 941 1282 993 Polybii
1300 938 1486 990 secundi,
1517 940 1698 993 quamvis

247 1009 291 1045 iu
323 1010 460 1046 ceteris
487 1009 697 1049 virtutibus
736 1021 988 1063 nequaquam
1028 1021 1119 1047 cum
1146 1021 1193 1047 eo
1220 1005 1528 1061 comparandus,
1570 1007 1698 1046 vicem

246 1077 439 1115 sustinere
465 1078 625 1128 poterit.
