1774 3002
56 867 235 902 Consilium

70 913 230 950 auctoris.

113 1216 150 1250 p.
176 1214 227 1238 xx

254 74 359 106 ml
796 62 1157 113 REITEMEIERI

255 182 366 237 quod
381 182 694 225 Christianorum
707 183 915 224 homiuum
932 199 979 224 ea
995 193 1228 238 tempestate
1246 187 1435 228 infecerat
1449 187 1602 229 animos
1612 218 1623 239 ,
1652 197 1695 229 ut

255 253 470 292 falsissima
499 265 678 304 quaeque
708 252 927 303 traderent,
963 255 1046 292 alia·
1066 268 1159 293 vera
1187 257 1439 295 occultarent.
1494 258 1696 296 enimvero

253 314 379 358 altera
407 333 460 357 ex
488 328 598 372 parte
625 323 815 373 suspicari
833 323 926 360 licet
950 321 1002 359 ad
1020 323 1187 360 nimiam
1205 308 1412 374 gentilium
1429 324 1698 364 laudationem

253 402 348 427 eum
372 389 589 440 proclivem
609 395 649 427 et
665 391 708 426 in
731 389 978 442 exponendis
997 389 1305 432 Christianorum
1325 393 1441 431 rebus
1460 393 1699 444 iniquiorem

251 457 395 505 fuisse,
425 458 557 494 animo
582 470 740 510 quoque
759 464 846 496 tum
862 460 950 510 ipsa
969 459 1178 510 religione
1183 466 1426 509 contactum,
1457 467 1544 498 tum
1564 473 1699 501 rerum

248 524 296 562 in
325 524 469 576 quibus
497 525 743 577 exponendis
767 526 996 566 versabatur
1018 529 1219 565 atrocitate
1248 527 1426 580 aliquam
1445 527 1697 578 acerbitatem

252 591 375 630 fuisse
396 592 596 644 iniectam,
625 596 680 633 ita
698 602 743 633 ut
759 593 1121 647 reprehensionum,
1151 595 1295 647 quibus
1311 595 1545 634 calamitatis
1561 595 1696 646 publi-

252 672 322 697 cae
355 668 554 711 auctores,
599 661 843 701 Christianae
873 663 1075 713 religionis
1109 663 1298 712 cultores,
1332 669 1564 711 sectaretur,
1593 663 1695 700 acri-

253 809 375 848 quam
392 795 570 834 historici
588 796 747 836 candidi
763 811 907 836 munus
929 799 1097 849 gessisse
1118 797 1332 836 videretur.

370 863 577 902 scribendi
603 866 806 903 interitum
829 867 888 904 rei
907 867 1108 904 Romanae
1128 864 1408 918 aperiendique
1427 863 1695 902 calamitatum

260 944 397 970 causas
424 933 631 970 consilium
658 946 711 970 ex
730 934 907 986 Polybii,
937 934 1007 985 qui
1024 932 1190 971 eandem
1205 934 1408 972 florentem
1429 939 1468 970 et
1479 944 1612 970 rerum
1628 932 1695 968 in-

257 1001 466 1038 crementis
482 1007 637 1037 auctam
653 1002 931 1052 explicaverat,
947 998 989 1052 *)
1018 1002 1235 1039 imitatione
1251 1002 1407 1049 initum,
1435 1013 1481 1037 ac
1497 1013 1568 1052 pro
1585 999 1696 1037 cultu

253 1067 458 1107 literarum
486 1069 624 1106 aetatis
654 1070 882 1117 Zosimeae,
912 1081 1012 1121 quae
1033 1069 1151 1120 longe
1171 1070 1254 1106 iam
1273 1066 1489 1106 desciverat
1505 1080 1528 1104 a
1545 1079 1638 1104 vera
1653 1072 1694 1103 et

254 1136 428 1187 ingenua
453 1138 604 1173 ratione
632 1135 817 1174 historias
842 1135 1059 1184 scribendi,
1102 1136 1196 1174 satis
1222 1133 1422 1173 laudabile
1456 1141 1496 1172 et
1527 1134 1694 1185 Polybio

254 1203 420 1255 dignum
440 1202 608 1242 videtur.
665 1205 710 1242 in
729 1210 959 1254 argumento
979 1209 1114 1239 tamen
1134 1215 1205 1239 suo
1225 1199 1497 1252 pertractando
1512 1202 1696 1239 Zosimus

251 1286 332 1310 non
357 1273 414 1309 ita
440 1279 617 1309 versatus
648 1278 729 1320 est,
764 1277 809 1308 ut
836 1271 919 1308 eius
945 1268 996 1306 ad
1022 1269 1131 1306 cuius
1151 1268 1412 1306 imitationem
1429 1268 1638 1306 consilium
1655 1274 1696 1306 et

253 1338 430 1379 studium
460 1338 660 1376 direxerat
684 1339 871 1386 virtutes,
901 1338 1156 1387 sagacitatem
1177 1343 1215 1372 et
1236 1335 1451 1373 sollertiam
1466 1334 1695 1373 inveniendi

253 1419 384 1445 rerum
402 1419 537 1444 causas
557 1404 732 1458 quidque
753 1404 898 1443 exinde
916 1410 1102 1456 sequatur
1116 1401 1292 1452 videndi,
1316 1409 1356 1441 et
1371 1404 1557 1441 orationis
1574 1403 1695 1441 uber-

253 1481 378 1512 tatem
398 1481 583 1525 aequaret
600 1481 666 1510 aut
684 1474 865 1524 proxime
876 1471 1097 1510 accederet.
1126 1469 1262 1510 ordine
1277 1477 1412 1508 tamen
1429 1483 1561 1509 rerum
1577 1483 1694 1508 enar-

253 1540 468 1580 randarum
484 1541 578 1578 satis
598 1547 688 1591 apto
707 1538 758 1577 ad
775 1553 892 1577 suum
909 1540 1118 1580 consilium
1135 1551 1230 1576 usus
1252 1544 1325 1576 est.
1356 1544 1568 1590 antequam
1586 1538 1694 1575 enim

253 1623 302 1647 ea
333 1611 500 1659 attingat
530 1615 707 1658 tempora
738 1608 881 1659 quibus
910 1620 973 1645 res
995 1608 1172 1644 Romana
1189 1607 1233 1644 in
1255 1606 1368 1657 peius
1388 1618 1549 1656 vergere
1567 1617 1614 1642 ao
1630 1605 1694 1642 la·-

252 1677 347 1714 bare
378 1677 526 1726 coepit,
558 1681 597 1711 et
617 1687 717 1726 quae
736 1673 941 1711 scribendo
965 1675 1149 1726 persequi
1164 1674 1242 1724 ipsi
1257 1674 1432 1710 maxime
1449 1674 1693 1724 propositum

253 1750 352 1792 erat,
383 1744 500 1780 altius
517 1743 681 1793 repetita
699 1742 966 1779 calamitattun
981 1743 1131 1792 origine
1149 1740 1200 1778 ad
1214 1741 1562 1791 Augusti'regnum
1577 1739 1693 1788 redit,

256 1818 298 1849 et
327 1809 424 1863 quid
453 1810 567 1848 rebus
591 1810 779 1848 Romanis
799 1817 951 1847 mutata
970 1810 1018 1846 ab
1040 1823 1086 1847 eo
1105 1810 1263 1861 imperii
1279 1808 1406 1846 forma
1422 1808 1623 1847 invectum
1642 1808 1694 1846 sit

255 1876 516 1926 incommodi,
551 1879 701 1929 aperire
735 1884 774 1915 et
795 1877 990 1915 illustrare
1017 1875 1162 1915 studet.
1219 1889 1311 1913 cum
1336 1882 1469 1913 autem
1485 1875 1589 1914 orbis
1609 1877 1694 1913 Ro-

256 1948 367 1985 mani
401 1947 606 1997 antiquam
633 1946 777 1982 faciem
808 1958 854 1982 ac
886 1944 1155 1983 condicionem
1179 1942 1400 1993 legentibus
1430 1943 1627 1993 cognitam
1652 1950 1692 1981 et

255 2021 503 2067 perspectam
535 2025 620 2050 esse
647 2013 786 2060 vellet,
815 2014 871 2049 ita
900 2010 1104 2050 commode
1133 2008 1358 2048 moderatus
1387 2015 1447 2047 est
1470 2010 1693 2049 institutum

256 2094 374 2121 suum
386 2109 397 2130 ,
427 2088 470 2117 ut
491 2093 568 2132 quo
585 2081 712 2131 magis
729 2079 780 2116 ad
797 2085 992 2131 postrema
1010 2085 1188 2128 tempora
1205 2075 1525 2127 progrederetur,
1554 2091 1601 2116 eo
1623 2092 1693 2118 co-

256 2150 405 2202 piosius
436 2161 497 2185 res
527 2153 755 2198 exponeret.
812 2158 933 2198 quare
952 2146 1181 2183 brevissime
1199 2145 1396 2196 explicata
1418 2152 1478 2183 est
1500 2159 1693 2184 annorum

255 2218 341 2255 fere
370 2222 632 2253 trecentorum
661 2212 846 2261 historia,
879 2213 981 2250 libro
1009 2213 1135 2263 primo
1160 2211 1463 2263 comprehensa,
1498 2215 1692 2265 copiosius

255 2286 504 2337 aliquantum
529 2282 764 2333 posteriores
793 2294 876 2328 res,
908 2293 1010 2332 quae
1042 2279 1213 2318 secundo
1235 2281 1350 2318 tertio
1373 2287 1411 2317 et
1432 2288 1569 2333 quarto
1590 2281 1691 2319 libro

252 2353 504 2389 continentur
530 2356 568 2386 et
593 2350 663 2386 vix
693 2348 840 2386 saeculi
865 2348 1035 2398 spatium
1062 2348 1280 2398 complent,
1303 2361 1365 2386 res
1389 2349 1634 2386 Constantini
1652 2355 1692 2386 et

256 2417 443 2468 deinceps
483 2415 534 2453 ad
569 2415 841 2454 Theodosium
874 2428 997 2467 usque
1027 2415 1321 2466 imperatorum.
1397 2416 1541 2466 quibus
1578 2416 1692 2468 quasi

254 2483 511 2536 praefaminis
538 2484 624 2521 loco
649 2484 874 2534 praemissis
905 2496 995 2520 cum
1025 2495 1224 2520 accessum
1252 2483 1328 2520 sibi
1347 2481 1399 2520 ad
1416 2489 1692 2534 argumentum

254 2564 374 2590 suum
403 2552 729 2608 praestruxisset,
758 2552 930 2589 oratione
964 2551 1044 2588 iam
1073 2550 1261 2589 latissime
1289 2550 1378 2589 fusa
1402 2557 1442 2589 et
1464 2550 1692 2602 impensiori

346 2698 390 2743 f)
415 2698 434 2731 1
456 2698 514 2732 59.
561 2697 606 2733 cf·
626 2697 650 2733 3
670 2697 728 2740 32,
771 2695 796 2732 4
815 2695 871 2732 59.
