1812 3016
287 59 386 109 414
830 65 1190 112 REITEMEIERI

286 173 364 211 nisi
379 171 456 211 duo
476 173 567 211 libri
580 181 857 225 memorantur,
880 176 1040 214 alterius
1057 189 1181 229 usque
1202 176 1253 216 ad
1271 179 1339 220 26.
1395 180 1476 218 iam
1494 179 1528 219 si
1546 179 1730 219 alteruter

287 231 490 267 universas
507 230 706 276 historias,
736 245 837 283 quae
854 233 992 269 medii-s·
1012 233 1192 271 omnibns
1214 235 1383 273 saec-ulis
1401 250 1524 288 usque
1544 237 1602 274 ad
1617 245 1730 274 aeta-

287 293 363 323 tem
393 287 517 335 ipsius
538 287 729 324 Pisandri
755 290 1017 339 contigerunt,
1060 291 1103 326 in
1131 305 1254 328 unam
1281 293 1416 329 seriem
1444 299 1599 330 coactae
1618 293 1730 330 rede-

281 344 388 393 gisse
406 350 442 379 et
459 357 582 380 ιιηιιιη
600 357 740 393 corpas
758 344 927 396 effecisse
947 344 1110 393 dicitur3
1152 348 1184 384 si
1201 360 1316 398 porro
1339 349 1524 386 alteruter
1541 347 1729 400 ’ἡρωϊκῶν

282 401 694 451 θεογαμιῶνᾙοιῐιίυε
716 401 912 451 inscripsit
933 414 1049 452 opus,
1091 405 1224 442 πᾶσαν
1242 401 1296 450 ὥς
1313 404 1437 444 εἰπεῖν
1460 403 1636 457 ἱστορίαν
1654 419 1730 445 πε-

285 451 481 507 ριλαβών,
522 467 599 506 quo
629 455 778 492 reditas
807 457 1163 506 Argonautarum,
1209 472 1269 496 res
1298 460 1346 496 ab
1374 460 1553 497 Herculis
1581 459 1727 498 fabulis

283 524 442 562 prorsus
466 513 638 548 seiuncta
659 519 740 548 erat
758 515 981 563 expositus,
1012 521 1055 551 ut
1075 512 1114 550 h.
1135 515 1163 550 l.
1187 528 1238 551 ex
1255 517 1412 554 Zosimo
1435 515 1633 564 discimus,
1663 518 1728 554 iu·-

282 566 415 604 dicent
438 568 506 604 alii
527 566 574 604 de
596 575 682 604 utro
705 575 838 605 noster
855 571 1037 607 Zosimus
1058 571 1108 606 sit
1127 571 1389 622 accipiendus.
1421 571 1469 610 de
1491 572 1625 610 fabula
1640 573 1728 623 ipsa

284 624 334 661 cf.
360 623 437 659 alia
458 624 543 660 loca
566 637 628 674 ap.
652 624 806 661 Cluver.
829 626 914 661 Ital.
937 632 1015 662 ant.
1042 627 1056 665 1
1083 639 1115 662 c.
1137 629 1202 666 21.
1234 628 1293 664 H.

394 691 434 729 p.
450 682 528 720 286
550 693 588 716 v.
614 682 681 720 21.
739 693 790 716 ex
810 681 1089 731 Olympiodoro
1113 680 1317 733 desumpta
1335 681 1453 720 huius
1469 685 1727 721 transvectio-

282 736 345 772 nis
364 733 527 771 histor-la
546 734 702 771 videtur
722 742 803 772 tam
823 749 844 772 a
862 739 1020 774 Zosimo
1042 749 1162 788 quam
1185 739 1232 775 ab
1253 740 1470 776 Sozomeno
1493 740 1517 780 1
1547 742 1588 780 6.
1620 741 1727 777 eius-

284 790 376 828 dem
400 792 456 827 rei
476 793 595 827 etiam
614 790 720 841 apud
736 793 910 828 Plinium
933 796 957 834 3
993 795 1040 833 18
1058 795 1207 831 mentio
1228 796 1384 832 iniecta.

393 860 433 896 p.
458 849 539 888 287
569 860 608 884 v.
630 848 668 887 1.
729 847 806 885 vid.
832 847 974 886 Suidas
999 862 1037 885 v.
1066 850 1310 903 Πίσανδρος,
1354 851 1411 888 ibi
1428 852 1582 889 Kiister.
1637 853 1727 889 Ma-

284 903 438 940 crobius
459 903 540 940 Sat.
562 902 586 943 5
617 906 658 943 2.
716 906 855 956 Heyne
886 904 937 941 ad
962 906 1101 956 Virgil.
1124 907 1224 942 Aen.
1254 911 1281 948 2
1311 920 1399 944 exc.
1430 920 1471 958 p.
1501 909 1585 949 232
1612 920 1727 960 seqq.

283 965 313 996 t.
334 957 359 998 4
381 972 420 1009 p.
445 958 539 999 235.

398 1014 451 1051 ib.
473 1028 511 1052 v.
534 1017 575 1055 7.
633 1015 682 1052 cf.
705 1016 862 1054 Orosius
885 1019 911 1056 7
941 1019 1013 1064 38,
1055 1018 1124 1068 qui
1153 1030 1278 1070 aeque
1305 1031 1350 1055 ac
1366 1016 1652 1069 Philostorgius
1675 1020 1727 1058 12

282 1073 310 1112 2
333 1069 594 1108 Stilichonem
610 1070 842 1121 proditionis
862 1074 1010 1123 arguit3
1042 1073 1283 1113 Sozomenus
1304 1077 1329 1116 8
1359 1075 1414 1116 25
1444 1081 1482 1112 et
1509 1076 1536 1116 9
1562 1075 1611 1124 4,
1649 1074 1726 1112 So-

283 1134 407 1165 crates
427 1131 451 1168 7
486 1129 548 1167 10.

392 1197 432 1234 p.
453 1184 534 1223 288
556 1195 594 1219 v.
620 1184 684 1223 10.
720 1183 968 1220 Centenarios
982 1183 1036 1225 40
1057 1184 1323 1235 Olympiodor.
1339 1198 1380 1236 p.
1404 1184 1481 1227 146
1502 1183 1565 1223 ed.
1585 1186 1725 1224 Venet-

282 1239 333 1276 cf.
350 1240 379 1276 l.
400 1243 426 1279 2
446 1252 478 1275 c.
496 1237 576 1275 Th.
598 1240 631 1275 si
649 1240 736 1289 quis
755 1241 941 1289 pecunias
961 1241 1124 1277 conflav.
1182 1242 1326 1278 Ritter.

393 1293 446 1330 ib.
474 1307 512 1330 v.
536 1297 599 1334 12.
656 1293 722 1331 hic
749 1294 858 1331 idem
886 1294 1042 1333 videtur
1070 1298 1132 1333 cui
1160 1298 1384 1334 inscribitur
1403 1297 1432 1333 l.
1454 1297 1505 1336 11
1529 1309 1563 1333 c.
1584 1298 1723 1334 lustin.

280 1349 329 1387 de
349 1350 531 1399 vectigal.
553 1350 662 1399 publ.
687 1350 768 1386 vid.
789 1358 870 1387 not.
891 1352 916 1387 b
939 1350 990 1388 ad
1010 1352 1038 1388 l.
1063 1355 1088 1392 2
1111 1365 1144 1388 c.
1163 1351 1242 1389 Th.
1268 1352 1316 1390 de
1341 1351 1404 1390 his
1422 1365 1522 1404 quae
1543 1365 1594 1389 ex
1610 1353 1722 1403 publ.

279 1407 380 1443 alius
395 1405 637 1455 Lampadius
655 1407 761 1442 enim
774 1406 842 1444 ille
863 1408 925 1444 cui
939 1406 1041 1444 dicta
1059 1407 1128 1444 lex
1145 1409 1381 1457 inscribitur,
1403 1420 1503 1460 quae
1522 1407 1574 1445 ad
1583 1409 1724 1446 Orien·-

277 1469 360 1499 tem
380 1463 561 1512 pertinet.
620 1462 762 1499 Ritter.

391 1516 446 1554 ib.
471 1531 510 1554 v.
534 1516 599 1557 14.
657 1519 776 1555 verba
798 1518 999 1568 probabile
1020 1518 1064 1556 fit
1086 1519 1134 1555 ab
1152 1525 1307 1556 auctore
1324 1520 1471 1556 Graece
1486 1519 1723 1557 fuissescri-

277 1581 367 1625 pta,
407 1580 452 1610 ut
479 1580 518 1610 et
544 1573 617 1609 inf.
651 1586 684 1610 c.
711 1575 763 1614 38
793 1580 832 1610 et
856 1577 881 1615 6
912 1575 977 1614 11.
1037 1576 1092 1612 sic
1122 1588 1155 1611 c.
1180 1575 1233 1615 41
1261 1570 1502 1628 Οὕιρτούτεμ.
1519 1577 1724 1626 scriptum.

279 1630 399 1680 digna
421 1642 514 1666 vero
535 1630 657 1667 oratio
677 1630 792 1667 Curio
814 1630 946 1682 aliquo
967 1630 1031 1668 vel
1040 1631 1247 1668 ‹Fabriciot
1279 1645 1358 1668 non
1373 1638 1430 1668 est
1445 1632 1636 1681 ictapax,
1653 1631 1727 1669 sed

271 1688 408 1738 pactio
429 1686 639 1722 servitutis.
699 1687 758 1722 H.

389 1755 429 1792 p.
458 1743 539 1782 290
570 1754 609 1778 v.
639 1741 679 1780 6.
748 1740 796 1778 de
842 1742 1095 1780 Constantino
1133 1749 1265 1793 repete
1301 1743 1432 1779 animo
1464 1754 1551 1793 sup.
1588 1741 1615 1782 5
1652 1745 1722 1784 27.

279 1799 415 1835 multis
439 1796 487 1833 de
508 1810 553 1834 eo
572 1798 804 1835 Tillemont.
824 1799 865 1835 in
883 1799 1057 1836 Honorio
1081 1805 1152 1835 art.
1175 1801 1229 1839 26
1250 1811 1310 1850 sq.
1366 1797 1476 1835 idem
1493 1804 1552 1836 est
1576 1796 1723 1852 τύραν-

279 1869 349 1901 νος
369 1867 401 1890 c.
425 1856 492 1893 32.
552 1854 612 1889 II·

391 1922 431 1959 p.
453 1911 532 1949 291
552 1922 590 1945 v.
615 1911 678 1950 18.
710 1907 759 1945 de
779 1907 1005 1946 Stilichonis
1023 1910 1143 1947 exitio
1164 1910 1213 1946 cf.
1232 1909 1474 1946 Sozomenus
1496 1911 1521 1950 9
1552 1906 1592 1956 4,
1622 1909 1722 1947 Oro-

278 1967 358 2003 sius
377 1968 402 2005 7
433 1966 499 2011 38,
529 1963 813 2014 Philostorgius
840 1968 883 2005 11
919 1970 944 2007 3
976 1972 1014 2002 et
1044 1968 1096 2006 12
1124 1968 1163 2014 2,
1195 1966 1263 2017 qui
1282 1966 1323 2001 in
1337 1965 1536 2016 plerisque
1553 1976 1720 2002 consen-

278 2023 393 2059 tiunt.
453 2020 608 2070 culpam
635 2033 657 2056 a
679 2019 895 2057 Stilichone
928 2028 1084 2058 amovet
1107 2028 1144 2058 et
1163 2022 1310 2058 nullius
1333 2021 1482 2057 nefarie
1509 2020 1605 2057 facti
1627 2033 1720 2058 eum

279 2077 353 2115 sibi
373 2077 493 2113 fuisse
514 2077 714 2112 conscium
732 2076 1034 2127 Olympiodorus
1054 2077 1185 2125 tradit,
1214 2075 1325 2114 testis
1347 2077 1523 2114 omnium
1542 2077 1719 2113 maxime

277 2133 455 2171 idoneus.
477 2132 718 2168 Sozomenus
736 2135 847 2182 regni
865 2134 1063 2170 orientalis
1081 2135 1122 2170 in
1141 2134 1213 2169 filii
1227 2134 1394 2184 gratiam
1406 2131 1576 2169 affectati
1587 2133 1719 2183 suspi-

279 2191 433 2227 cionem
461 2188 582 2224 fuisse
611 2187 755 2224 scrIbit.
815 2189 891 2225 alia
919 2191 959 2226 in
978 2202 1069 2226 eum
1091 2191 1253 2226 crimina
1270 2194 1484 2239 congerunt
1503 2189 1613 2238 leges
1630 2186 1718 2226 cod.

276 2244 357 2283 Th.
380 2245 433 2295 (l.
460 2247 479 2284 1
512 2243 582 2280 lib.
607 2246 631 2284 7
661 2244 720 2279 tit.
746 2244 819 2291 16,
859 2245 887 2281 l.
908 2248 962 2286 22
982 2245 1051 2282 lib.
1073 2248 1097 2286 9
1115 2246 1175 2282 tit.
1201 2243 1298 2295 13),
1335 2257 1436 2296 quae
1457 2242 1719 2282 Stilichonem

268 2301 511 2351 praedonem
520 2298 729 2349 publicum
749 2307 907 2348 vocant,
940 2307 978 2337 et
1001 2302 1070 2352 qui
1086 2301 1144 2338 ad
1163 2300 1371 2338 ditandam
1395 2300 1720 2351 inquietandam-

276 2371 351 2408 qae
384 2354 604 2393 barbariem
634 2354 828 2392 thesauris
859 2369 950 2394 usus
985 2358 1047 2393 sit.
1107 2370 1207 2408 quae
1233 2355 1395 2407 quidem
1428 2357 1718 2393 criminationes

276 2426 367 2450 cum
400 2413 580 2448 inimicos
608 2412 730 2461 ipsius
762 2418 938 2449 auctores
967 2411 1155 2460 habeant,
1195 2425 1276 2449 non
1306 2413 1432 2462 magis
1462 2411 1539 2448 fide
1574 2410 1717 2460 dig-nae

276 2475 367 2506 sunt
392 2481 512 2519 quam
538 2480 638 2519 quae
664 2466 948 2517 Philostorgius
978 2475 1016 2505 et
1044 2470 1223 2516 Orosius,
1273 2475 1339 2504 aut
1371 2468 1479 2504 fama
1506 2465 1717 2505 Stilichoni

278 2526 414 2575 iniqua
445 2525 487 2560 in
516 2536 685 2560 errorem
713 2521 880 2570 inducti,
931 2531 998 2560 aut
1024 2525 1167 2574 partim
1195 2522 1324 2562 studio
1352 2536 1487 2560 eorum
1521 2523 1590 2574 qui
1624 2532 1717 2559 eum

280 2579 534 2630 dignitatibus
565 2578 807 2626 deiecerant,
847 2581 991 2630 partim
1019 2579 1109 2617 odio
1139 2581 1221 2618 eius
1253 2579 1302 2616 ob
1330 2579 1533 2630 religionis
1555 2576 1717 2615 dissidia
1754 2579 1757 2582 ”

279 2637 468 2686 permoti,
498 2637 535 2672 ei
557 2636 711 2672 crimini
731 2633 845 2682 dant,
879 2634 986 2686 quod
1004 2636 1202 2683 barbaros,
1232 2647 1254 2672 a
1273 2648 1441 2686 quorum
1456 2635 1610 2682 iniuriis
1626 2646 1718 2671 eum

280 2705 436 2743 semper
452 2691 608 2730 Italiam
633 2692 854 2742 protexisse
882 2697 1055 2740 constat,
1097 2690 1308 2742 cupiditate
1327 2692 1439 2742 regni
1459 2688 1510 2727 ad
1529 2703 1572 2728 se
1591 2690 1721 2741 pretio
