1812 3016
263 95 361 140 292
886 93 1082 136 zosml

267 206 396 264 ἑαυτῷ
417 204 634 262 πονηρίαν,
674 201 922 261 ἓντυγχάνειν
951 203 1108 255 εῗωθὼς
1140 200 1199 246 δι’
1222 201 1428 253 ἐπιεικείας
1445 201 1707 258 προσποίησιν

268 280 326 333 τῷ
355 279 518 328 βασιλεῖ’
543 273 672 315 πολλὰ
703 274 808 315 κατὰ
827 273 896 315 τὸν
916 272 1082 327 ποιητὴν
1101 270 1359 328 θυμοφθόρα
1375 275 1448 313 τοῦ
1466 269 1709 324 &atzmu-04-

271 345 427 397 κατέχεε
448 341 631 399 ῥήματα,
666 344 732 383 καὶ
765 340 820 391 ὡς
852 341 920 382 διὰ
951 345 1069 382 τοῦτο
1100 339 1172 394 τὴν
1196 341 1258 381 ἐπὶ
1281 339 1352 395 τὴν
1372 337 1476 396 ἑῴαν
1496 339 1708 392 ἐπιδημίαν

267 409 633 467 ἐπραγματεύσατο,
669 408 723 459 ὡς
746 409 794 451 ἂν
812 407 1098 462 ἐπιβουλεύσας
1116 408 1317 463 ἀναίρεσιν
1335 407 1539 463 Θεοδοσίῳ
1558 410 1616 463 τῷ
1632 405 1707 462 νέῳ

266 480 446 535 Εὗχερίῳ
481 481 538 535 τῷ
571 480 684 519 παιδὶ
714 477 786 531 τὴν
816 478 1023 531 βασιλείαν
1055 477 1270 531 παραδοίη.
1338 474 1442 517 ἀλλὰ
1472 478 1600 516 ταῦτα
1633 474 1740 526 pasus

267 547 513 604 εὐρυχωρίας
531 545 641 602 αὐτῷ
661 544 783 599 οὔσης
798 544 900 587 κατὰ
918 545 989 599 τὴν
1009 542 1102 586 ὁδὸν
1125 544 1282 597 κατέχεε
1304 547 1376 585 τοῦ
1388 541 1605 597 βασιλέως·
1630 539 1708 595 ἤδη

268 616 312 657 δὲ
339 614 462 656 αὐτοῦ
482 612 594 663 ὄντος
613 611 716 655 κατὰ
740 612 784 654 τὸ
807 614 1000 666 Τι’κηνον,
1034 612 1128 662 τοὺς
1147 615 1364 660 νοσοῦντας
1384 607 1710 663 ἐπισκεπτόμενος

267 687 348 726 τῶν
372 686 627 737 στρατιωτῶν
645 679 866 734 Ὀλύμπιος
893 675 961 734 (ἦν
981 679 1056 735 γὰρ
1077 680 1186 736 αὐτῷ
1209 681 1275 720 καὶ
1295 682 1411 721 τοῦτο
1433 682 1505 731 τῆς
1527 679 1710 719 ἐπικεκα-

269 751 471 803 λυμμένης
501 747 757 803 μετριότητος
788 748 833 790 τὸ
864 746 1108 804 κεφάλαιον)
1139 745 1389 795 τοιουτῶὃεις
1412 746 1604 794 κάκείνοις
1628 744 1710 786 ε’νέ-

267 833 426 872 σπειρεν
445 814 614 873 ἐπῳδάς.
682 814 874 872 τετάρτης
891 816 934 857 δὲ
953 814 1079 869 μόνης
1097 812 1248 870 ἡμέρας
1266 816 1307 864 ἐξ
1328 808 1448 869 οὗπερ
1467 811 1709 866 ἐπεδήμησεν
1722 820 1766 854 10

269 885 291 926 ὁ
313 883 503 938 βασιλεὺς
528 887 584 940 τῷ
610 882 768 940 Τικήνῳ
789 881 1049 937 διελθούσης,
1093 883 1422 936 μετακληθέντων
1443 883 1499 931 εἷς
1520 880 1571 923 τὰ
1589 880 1711 933 βασί-

269 957 357 995 λεια
377 956 457 994 τῶν
478 955 733 1007 στρατιωτῶν
755 949 934 1008 ἐφαίνετό
964 968 1004 993 τε
1036 950 1171 1000 αὐτοῖς
1199 948 1220 991 ὃ
1246 948 1435 1003 βασιλεὺς
1467 949 1531 990 καὶ
1561 950 1616 997 εἷς
1642 946 1711 989 τὸν

270 1021 377 1063 κατὰ
402 1020 708 1062 Κωνσταντίνου
736 1024 808 1061 τοῦ
834 1016 1030 1074 τυράννου
1060 1015 1341 1074 παρεθάρσυνε
1370 1015 1554 1070 πόλεμον.
1622 1016 1712 1071 περὶ

269 1090 313 1130 δὲ
329 1089 573 1140 Στελίχωνος
591 1087 752 1136 οὗὸενός
769 1087 999 1141 κινηθέντος
1016 1087 1196 1143 ἐφαίνετο
1211 1083 1336 1127 νεύων
1349 1090 1434 1134 τοῖς
1452 1080 1713 1140 στρατιώταις

263 1154 484 1209 Ὀλύμπιος
505 1156 571 1196 καὶ
592 1154 724 1211 ὥσπερ
745 1154 1055 1210 ἀναμιμνήσκων
1077 1148 1132 1196 ὧν
1156 1153 1290 1208 ἔτυχεν
1311 1153 1447 1202 αὐτοῖς
1465 1153 1506 1193 ἓν
1522 1148 1711 1207 παραβύ-
1723 1157 1765 1192 15

269 1241 352 1281 στῳ
375 1223 618 1276 διαλεχθείς”
650 1223 686 1264 οἳ
708 1223 751 1264 δὲ
772 1222 920 1277 τρόπον
938 1222 1026 1264 τινὰ
1049 1219 1280 1279 παράφοροι
1300 1218 1500 1276 γεγονότες
1515 1216 1714 1272 Λιμένιόν

268 1308 310 1333 τε
333 1291 403 1332 τὸν
425 1291 467 1332 ἐν
487 1296 570 1339 τοῖς
590 1289 690 1346 ὑπὲρ
717 1290 791 1339 τὰς
810 1290 968 1340 ’Άλπεις
997 1290 1153 1332 ἔθνεσιν
1176 1288 1272 1332 ὄντα
1295 1293 1367 1341 τῆς
1388 1288 1513 1342 αὐλῆς
1531 1285 1713 1342 ὕπαρχον

268 1356 573 1414 ἀποσφάττουσι
585 1389 598 1408 ,
641 1359 706 1399 καὶ
728 1357 814 1411 ἅμα
836 1356 964 1414 τούτῳ
988 1355 1282 1413 Χαριοβαύδην
1303 1356 1372 1398 τὸν
1391 1354 1612 1411 στρατηγὸν
1634 1357 1714 1395 τῶν

268 1429 391 1468 ἐκεῖσε
426 1423 666 1479 ταγμάτων·
717 1425 855 1479 ἔτυχον
892 1426 969 1481 γὰρ
1011 1423 1272 1482 διαφυγόντες
1307 1423 1378 1466 τὸν
1413 1421 1608 1478 τύραννον
1646 1422 1713 1463 καὶ

267 1491 565 1546 ὑπαντήσαντες
596 1492 699 1534 κατὰ
729 1493 774 1534 τὸ
808 1495 980 1547 Τι’κηνον
1010 1497 1068 1550 τῷ
1098 1496 1267 1546 βασιλεῖ.
1334 1488 1642 1547 ἕπισφάττονται
1670 1489 1769 1530 δέΞΟ

269 1560 426 1610 τούτοις
449 1559 674 1615 Βιγκέντιός
694 1576 734 1602 τε
755 1562 821 1602 καὶ
845 1559 1042 1614 Σάλβιος,
1077 1557 1097 1601 ὅ
1116 1561 1190 1614 μὲν
1211 1563 1290 1602 τῶν
1315 1558 1463 1600 ἱππέων
1480 1555 1712 1613 ἡγούμενος,

271 1628 294 1670 ὃ
327 1629 369 1670 δὲ
397 1632 476 1670 τῶν
509 1629 752 1680 δομεστίκων
776 1626 979 1683 τάγματος
996 1626 1210 1684 προεστώς.
1276 1627 1358 1668 ἐπεὶ
1382 1626 1425 1668 δὲ
1446 1629 1517 1679 τῆς
1538 1623 1715 1675 στάσεως

271 1696 516 1751 αὐξηθείσης
546 1694 567 1737 ὅ
597 1712 638 1738 τε
667 1696 859 1749 βασιλεὺς
888 1695 1136 1753 ἀνεχώρησεν
1165 1696 1228 1737 ἐπὶ
1257 1694 1308 1738 τὰ
1338 1695 1525 1749 βασίλεια
1548 1694 1716 1735 καὶτῶν

360 1813 404 1847 21
426 1809 613 1852 Βικὲντιος
632 1811 703 1846 LP.

270 1911 363 1956 frugi
378 1911 628 1955 modestumque
647 1911 803 1946 simulans
817 1923 889 1946 cum
905 1911 1056 1957 principe
1071 1910 1216 1958 colloqui
1230 1911 1426 1956 frequenter
1440 1911 1584 1953 soleret,
1599 1909 1714 1953 multa,

270 1963 310 1992 ut
335 1968 408 1990 cum
430 1959 532 2002 poeta
552 1957 689 2001 loquar,
724 1958 867 1991 animum
885 1957 1122 1992 labefactantia
1137 1958 1242 1992 verba
1258 1962 1372 1990 contra
1387 1957 1611 1990 Stelichonem
1626 1957 1715 1989 efl'u-

269 2003 398 2043 tiebat,
431 2001 521 2045 quod
536 2013 608 2034 eam
623 2002 773 2035 nimirum
791 2001 835 2035 ob
851 2014 983 2036 causam
999 2003 1064 2036 iter
1078 2003 1157 2036 illud
1173 2003 1206 2036 in
1224 2002 1396 2035 Orientem
1411 2002 1475 2035 sibi
1492 2001 1638 2035 mandari
1653 2013 1715 2034 cu·-

272 2051 382 2082 rasset
394 2072 404 2087 ‚
425 2052 464 2079 ut
478 2046 670 2080 Theodosio
687 2048 802 2081 minori
818 2054 922 2082 morte
936 2059 998 2091 per
1012 2048 1148 2081 insidias
1161 2052 1290 2081 structa
1304 2057 1442 2088 regnum
1459 2046 1627 2080 Eucherio
1643 2046 1714 2079 filio

271 2104 334 2127 suo
352 2091 509 2126 traderet.
556 2095 656 2135 atque
673 2093 765 2133 haec,
789 2093 903 2126 oblato
920 2093 982 2126 sibi
995 2093 1104 2137 spatio
1121 2098 1156 2126 et
1169 2091 1433 2136 opportunitate,
1452 2102 1525 2125 cum
1539 2091 1606 2125 iter
1619 2092 1716 2125 face—

271 2141 368 2179 rent,
394 2137 436 2169 ad
451 2135 632 2181 principem
649 2136 857 2171 effundebat.
903 2136 959 2182 qui
974 2149 1048 2171 cum
1063 2137 1173 2171 Ticini
1187 2137 1252 2170 iam
1266 2141 1374 2176 esset,
1404 2136 1582 2181 Olympius
1596 2136 1717 2170 milites

272 2182 417 2217 adversa
438 2180 627 2214 valetudine
641 2181 833 2216 laborantes
846 2182 992 2216 invisens
1019 2184 1113 2226 (nam
1131 2187 1167 2216 et
1181 2183 1244 2215 hoc
1259 2181 1290 2215 ei
1305 2185 1418 2215 tectae
1430 2181 1517 2215 illius
1532 2181 1717 2216 modestiae

274 2232 377 2273 caput
399 2226 496 2269 erat)
525 2225 709 2259 consimilia
731 2228 894 2271 quaedam
915 2228 1130 2272 inspergebat
1153 2231 1188 2260 et
1211 2227 1252 2260 iis
1273 2226 1527 2261 incantamenta.
1573 2226 1629 2260 ubi
1643 2226 1716 2260 dies

273 2274 438 2307 duntaxat
462 2275 604 2315 quartus
620 2282 662 2304 ex
681 2281 746 2315 quo
763 2272 916 2306 Ticinum
939 2273 1122 2317 imperator
1144 2272 1316 2315 ingressus
1336 2272 1449 2304 suerat
1473 2271 1718 2316 praeteriisset,

273 2316 442 2352 arcessitis
465 2315 510 2350 ad
533 2315 736 2360 praetorium
751 2317 908 2350 militibus
924 2329 961 2350 se
975 2317 1244 2363 conspiciendum
1260 2316 1415 2361 princeps
1429 2317 1567 2351 exbibet
1577 2343 1588 2360 ,
1619 2321 1656 2350 et
1670 2316 1716 2350 ad

272 2362 395 2396 bellum
417 2360 579 2395 adversus
600 2359 850 2394 Constantinum
875 2362 1079 2406 perduellem
1100 2361 1280 2406 gerendum
1305 2372 1365 2394 eos
1388 2361 1516 2399 incitat.
1570 2371 1644 2395 cum
1671 2361 1716 2394 de

275 2408 473 2443 s'telichone
490 2410 598 2440 motus
613 2406 721 2439 nullus
738 2406 942 2448 exstitisset,
975 2407 1131 2441 militibus
1146 2407 1280 2440 innuere
1296 2406 1404 2450 palam
1419 2406 1511 2440 visus
1526 2411 1579 2440 est
1593 2406 1714 2449 Olym-

272 2447 351 2500 pius
361 2478 371 2494 ‚
405 2457 440 2485 et
456 2462 514 2485 eos
526 2451 657 2484 illorum
673 2451 769 2494 quasi
784 2453 1068 2486 commonefacere
1081 2453 1124 2485 de
1141 2451 1260 2496 quibus
1275 2456 1406 2484 secreto
1422 2462 1496 2485 cum
1511 2451 1594 2495 ipsis
1608 2451 1717 2484 collo-

275 2503 371 2532 cutus
383 2497 514 2530 fuisset.
559 2500 629 2530 tum
655 2495 703 2529 illi
726 2496 868 2539 quodam
894 2497 990 2530 modo
1013 2497 1056 2530 ad
1082 2497 1227 2530 furorem
1253 2496 1378 2530 redacti
1393 2494 1574 2530 Limenium
1585 2521 1595 2536 ‚
1625 2495 1715 2540 apud

275 2542 499 2587 transalpinas
513 2546 630 2585 gentes
643 2542 848 2587 praefectum
863 2542 1045 2585 praetorii,
1073 2553 1146 2576 cum
1171 2540 1427 2582 Chariobaudo,
1451 2540 1588 2574 militum
1605 2539 1638 2574 in
1654 2540 1715 2574 iis-

275 2588 350 2621 dem
364 2588 448 2620 locis
463 2588 636 2631 magistro,
658 2586 824 2630 iugulant:
847 2598 923 2620 nam
946 2586 978 2620 hi
1004 2588 1096 2620 forte
1112 2585 1249 2630 tyranni
1264 2596 1378 2619 manus
1393 2585 1585 2630 effugerant
1599 2590 1636 2619 et
1649 2585 1716 2619 Ti—

274 2633 383 2666 cinum
398 2632 441 2665 ad
457 2632 690 2676 imperatorem
705 2636 928 2667 accesserant.
975 2632 1155 2665 secundum
1178 2631 1238 2664 hos
1262 2630 1453 2674 iugulantur
1468 2634 1504 2664 et
1519 2630 1715 2664 Vincentius

275 2682 313 2711 et
328 2677 472 2720 Salvius,
497 2677 583 2711 alter
597 2677 745 2722 equitum
761 2676 928 2720 magister,
951 2676 1040 2710 alter
1052 2676 1186 2710 scholae
1199 2675 1453 2709 domesticorum
1470 2687 1592 2711 comes.
1614 2681 1714 2709 aucta

274 2722 438 2757 seditione
453 2733 527 2756 cum
541 2722 699 2769 princeps
709 2722 754 2757 ad
769 2721 972 2768 praetorium
984 2721 1178 2759 secessisset
1192 2731 1233 2756 ac
1247 2720 1462 2767 magistratus
1477 2721 1609 2767 quidam
1625 2720 1716 2755 elabi
