1812 3016
273 67 369 116 408
813 73 979 116 REITE
985 73 1172 116 MEIERI

273 186 350 228 tat,
387 178 458 218 sed
474 181 615 217 Leonti
639 193 660 217 a
681 181 806 218 Gaina
830 194 875 218 ea
897 183 1046 219 auxilia
1075 183 1195 220 missa
1216 188 1330 229 suut,
1366 187 1409 218 ut
1429 181 1547 218 verba
1565 181 1712 219 Zosimi

273 243 406 287 aperte
429 235 582 274 docent.
618 236 694 273 loci
712 249 803 274 vero
824 238 1102 275 obscuritatem
1122 237 1195 275 hao
1215 238 1531 287 interpretatione
1555 235 1714 287 dispelli

274 291 483 330 credimus.
513 291 646 329 audito
657 293 869 343 Tribigildi
881 295 1054 344 periculo
1065 293 1431 342 Gainas‚utviasibi
1443 299 1543 330 esset
1554 306 1713 330 51100111·-
1759 298 1761 301 ’

274 347 387 386 rendi
397 349 457 385 illi
470 354 507 384 et
519 347 742 385 occultandi
753 361 871 400 quam
882 351 1014 387 animo
1027 350 1199 400 agitabat
1210 347 1402 396 fraudem,
1414 350 1604 386 Leontem
1619 346 1714 385 hor-

275 410 380 441 tatur
401 411 443 441 ut
464 417 553 440 cum
571 406 744 443 exercitu
757 434 767 451 ,
799 407 861 442 cui
880 407 964 456 ipse
981 412 1177 456 praeerat,
1210 411 1247 442 et
1267 405 1424 442 auxiliis
1447 405 1713 451 barbarorum,

277 473 378 510 quae
401 461 436 496 ei
457 460 635 496 mittebat
648 489 658 506 ,
696 459 881 498 adversus
899 460 1053 498 hostem
1079 461 1356 512 proficiscatur.
1414 460 1567 497 barbari
1583 461 1716 496 Leon-

275 522 359 552 tem
380 516 607 552 comitantes
629 522 670 552 ut
689 518 900 554 auxiliares
923 519 1079 567 copiae,
1119 518 1253 553 castris
1274 518 1357 554 eius
1376 516 1521 553 relictis
1534 545 1544 562 ‚
1575 528 1715 567 quem-

277 570 493 610 admodum
511 584 572 608 res
591 574 806 621 composita
829 574 956 610 fuerat
968 602 977 620 ,
1009 572 1060 609 ad
1074 571 1341 622 Tribigildum
1361 572 1647 622 transfugiunt,
1678 577 1716 608 et

275 640 322 664 eo
343 625 439 663 duce
460 628 656 664 Romanos
674 629 799 678 ipsos,
840 641 938 680 quos
957 628 1074 665 modo
1094 629 1187 678 fuga
1211 627 1484 675 deseruerant,
1524 626 1717 664 hostiliter

277 681 506 720 adoriuntur
526 682 577 733 (c.
601 683 650 721 16
675 696 713 735 Ρ.
733 687 813 724 266
844 687 868 723 6
891 697 924 720 c.
949 686 997 725 17
1018 683 1107 734 in.).
1164 684 1267 720 facta
1288 690 1346 720 est
1366 683 1560 720 eiusmodi
1582 682 1718 720 deser-

275 740 330 775 tio
358 739 473 787 paulo
496 745 606 785 ante,
646 738 982 791 quemadmodum
998 742 1179 777 Zosimus
1206 741 1290 790 ipse
1309 738 1427 776 tradit
1448 738 1507 790 (o.
1534 739 1610 787 15)
1625 767 1635 785 ,
1675 739 1716 774 in

276 792 410 831 media
431 806 581 843 pugna,
621 800 659 829 et
678 801 845 831 testante
865 794 1080 832 Claudiano
1106 796 1245 833 similis
1273 793 1442 845 proditio
1464 795 1718 833 barbarorum

277 850 321 886 in
349 848 531 887 fraudem
559 850 720 886 Leontis
748 852 971 901 excogitata
996 859 1090 888 erat.
1149 849 1599 901 n·ibigildus·s11nulata
1623 850 1718 900 fuga

279 918 371 942 cum
388 906 597 952 Leontem,
627 906 919 955 superbientem
940 906 987 943 de
1005 909 1186 953 victoria,
1215 908 1257 943 in
1276 905 1494 943 socordiam
1511 918 1719 957 rerumque

278 961 562 1010 negligentiam
583 959 834 1009 adduxisset,
870 963 998 1000 subito
1025 976 1114 1000 eum
1130 962 1288 999 adortus
1306 964 1348 998 in
1370 962 1508 1012 fugam
1522 963 1719 999 Romanos

281 1019 375 1074 agit,
407 1029 483 1067 qua
501 1018 581 1053 Leo
603 1019 686 1067 ipse
707 1019 747 1054 111
765 1018 929 1068 paludes
949 1017 1101 1056 delatus
1119 1020 1261 1055 misere
1282 1019 1411 1068 periit.

391 1086 430 1122 p-
452 1075 530 1113 268
547 1073 667 1112 v-14.
724 1075 935 1124 Eutropius
953 1075 1089 1112 consul
1108 1081 1146 1112 et
1162 1075 1359 1124 patricius.
1416 1071 1497 1110 vid.
1514 1071 1718 1109 claudian.

278 1128 319 1164 in
337 1129 499 1178 Eutrop.
528 1129 549 1167 1
578 1129 687 1175 init„
725 1128 1036 1180 Philostorg.11
1069 1133 1119 1179 4,
1160 1130 1316 1171 Sozom·
1341 1131 1367 1170 8
1394 1133 1441 1172 7.
1469 1124 1628 1169 ὑπάτου
1654 1126 1723 1168 καὶ

278 1181 422 1241 πατρὸς
445 1184 632 1233 βασιλέως
655 1180 746 1238 αξία
769 1182 951 1236 ἐτιμήθη.

391 1241 530 1289 p-269
551 1253 588 1278 v.
612 1242 651 1279 2.
708 1239 786 1277 huc
807 1243 977 1293 pertinet
996 1242 1148 1292 integra
1171 1241 1240 1278 lex
1259 1238 1284 1281 4
1307 1253 1340 1277 o.
1360 1237 1442 1277 Th.
1461 1237 1510 1276 de
1530 1252 1647 1290 poen.
1666 1238 1723 1275 ibi

281 1293 348 1336 adi
366 1295 518 1331 Comm.
577 1296 720 1333 Rttter.

394 1349 447 1386 ib.
481 1363 520 1386 v.
554 1353 593 1390 3.
652 1350 700 1387 de
738 1353 864 1389 causis
903 1350 1103 1402 dignitatis
1131 1352 1321 1401 Eutropio
1359 1356 1514 1400 ereptae
1547 1355 1723 1386 auctores

283 1402 518 1455 discrepant.
574 1404 655 1443 vid.
685 1405 986 1458 chrysostomus
1017 1409 1060 1443 in
1079 1408 1313 1457 Eutropium
1335 1412 1365 1443 t.
1388 1408 1412 1446 3
1431 1418 1472 1457 p.
1494 1406 1572 1446 881
1595 1416 1722 1456 seqq„

282 1459 491 1498 Sozomen.
513 1463 538 1501 8
566 1463 606 1509 7,
663 1462 812 1499 socrat.
839 1466 864 1504 6
895 1464 934 1511 5,
991 1461 1226 1512 Philostor-g.
1248 1464 1273 1501 6
1302 1464 1341 1502 6.

394 1516 448 1552 ib.
477 1529 514 1552 v.
537 1516 575 1556 5.
633 1515 731 1554 haec
748 1519 866 1555 verba
889 1518 928 1566 ἐξ
946 1518 1096 1558 ἐκείνου
1119 1518 1381 1554 Leunclavius
1401 1523 1556 1553 vertens
1580 1513 1632 1551 ab
1654 1514 1724 1552 illo

285 1570 334 1609 de
363 1573 551 1622 Eutropio
587 1574 796 1624 intelligit,
835 1576 1040 1611 Reinesius
1070 1575 1347 1624 iuterpretatur
1367 1571 1419 1609 ab
1443 1572 1512 1608 illo
1535 1574 1725 1620 'tempor-e,

285 1640 386 1679 quae
406 1629 598 1678 posterior
618 1628 780 1679 quidem
799 1631 1011 1680 explicatio
1033 1641 1121 1666 cum
1140 1642 1213 1666 usu
1228 1627 1417 1680 loquendi
1430 1629 1611 1665 Zosimeo
1631 1639 1727 1663 con-

284 1685 394 1720 venit
422 1683 476 1734 (e.
497 1695 536 1733 g.
556 1697 595 1733 p.
613 1687 693 1725 208
724 1688 762 1732 2,
793 1685 873 1726 258
903 1689 969 1733 22,
1001 1689 1079 1726 307
1108 1684 1174 1734 1),
1204 1697 1341 1721 verum
1362 1696 1442 1721 non
1459 1684 1586 1733 magis
1607 1694 1727 1734 quam

283 1740 394 1789 prior
411 1740 545 1776 locum
563 1738 708 1777 habere
728 1747 868 1806 potest,
890 1742 1078 1792 quoniam
1098 1748 1186 1777 ante
1202 1741 1436 1790 Eutropium
1455 1739 1656 1776 eeclesiis·
1646 1750 1727 1774 lam

286 1795 388 1845 asyli
417 1796 479 1832 ius
508 1795 628 1832 fulsse
654 1797 748 1833 vel'
738 1810 823 1847 lpse
842 1799 1022 1834 Zosimus
1041 1796 1218 1843 docebit,
1250 1796 1483 1846 Eutropium
1506 1793 1638 1833 dicens
1655 1793 1727 1830 ab·

285 1857 441 1900 reptum
462 1863 514 1886 ex
533 1853 698 1889 ecclesia
720 1859 854 1889 contra
882 1850 947 1891 τὸν
971 1851 1035 1892 ἐπὶ
1064 1854 1119 1906 τῷ
1143 1846 1277 1903 οἷσύλῳ
1307 1854 1385 1890 τῶν
1415 1851 1633 1901 ἐκκλησιων
1657 1863 1727 1888 τε-

283 1906 408 1944 θέντα
431 1901 565 1956 νόμον.
623 1908 864 1945 Sozomenus
888 1907 988 1959 (87
1001 1918 1012 1944 ε
1043 1908 1092 1944 cf.
1119 1906 1205 1944 cod.
1227 1905 1307 1944 Th.
1336 1913 1366 1943 t.
1388 1908 1412 1946 3
1442 1907 1597 1956 P·113,
1634 1906 1725 1953 119,

285 1960 418 2009 391)
408 1974 468 1997 ius
491 1963 589 2011 asyli
615 1976 685 2012 per
709 1965 943 2014 Eutropium
965 1964 1195 2014 abrogatum
1223 1969 1262 1999 et
1286 1974 1308 1999 a
1328 1960 1586 2000 Theodosio
1575 1961 1726 1997 iuniore

287 2014 449 2052 demum
479 2018 652 2054 ecclesiis
683 2020 759 2054 alia
779 2019 867 2068 lege
888 2021 1109 2056 restitutum
1130 2032 1214 2056 esse
1235 2017 1381 2055 scribit.
1439 2029 1539 2068 quae
1563 2028 1654 2052 cum
1672 2017 1728 2052 ita

287 2072 365 2107 siut
378 2100 387 2118 ,
431 2072 549 2108 verba
571 2073 639 2109 illa
659 2075 712 2110 ita
733 2073 831 2110 mihi
854 2074 1036 2111 videntur
1053 2072 1368 2125 interpretanda:
1399 2086 1445 2109 ex
1469 2072 1539 2109 illo
1561 2078 1729 2121 tempore

289 2126 357 2173 (ἐξ
377 2126 528 2165 ἐκείνου
543 2125 559 2177 )
572 2155 586 2172 ,
627 2142 703 2179 quo
732 2143 814 2166 una
842 2143 932 2166 cum
958 2130 1144 2180 religione
1167 2130 1392 2168 Christiana
1413 2130 1566 2166 invecta
1586 2128 1628 2165 in
1646 2140 1730 2163 rem

287 2181 494 2230 publicam
513 2184 629 2219 ettam
645 2184 759 2233 asyla
777 2186 933 2222 institui
950 2192 1166 2234 coeperant.
1227 2197 1346 2236 quam
1369 2185 1730 2234 interpretationem

290 2238 518 2279 confirmare
537 2238 624 2276 loco
640 2240 760 2276 simili
777 2242 926 2277 Zosimi
941 2254 1170 2291 possumus,
1199 2241 1227 2277 l.
1249 2240 1274 2280 5
1297 2253 1329 2276 ο.
1349 2243 1400 2280 23
1424 2253 1462 2290 p.
1482 2241 1563 2279 279
1591 2237 1631 2286 4,
1661 2238 1729 2275 ubi

291 2292 505 2330 monachos
527 2293 577 2331 ad
594 2296 750 2332 nullum
773 2297 829 2332 rei
845 2297 1026 2346 publicae
1048 2310 1164 2334 usum
1182 2309 1265 2333 esse
1286 2295 1399 2342 dixit,
1430 2292 1534 2345 πλήν
1555 2290 1615 2333 ὅτι
1637 2308 1732 2358 προ-

735 2352 1000 2367 ,,,,,

293 2416 422 2442 oavto.
483 2406 600 2442 verba
630 2407 668 2453 ἐξ
694 2405 845 2445 ἐκείνου
872 2406 923 2447 ad
951 2406 1053 2444 nihil
1071 2395 1308 2458 praecedens
1326 2379 1488 2455 possunt
1507 2406 1663 2452 referri,
1693 2410 1732 2443 et

293 2459 416 2496 alium
436 2472 517 2497 non
536 2460 747 2498 admittnmt
764 2475 924 2499 sensum
945 2475 1065 2513 quam
1083 2462 1134 2499 ab
1155 2463 1264 2499 initio
1287 2463 1389 2498 actae
1408 2462 1658 2499 monasticae.

404 2514 456 2550 ib.
487 2529 524 2552 v.
557 2520 596 2557 7.
654 2518 840 2567 gloriatur
865 2517 1170 2582 chrysostomus
1200 2517 1255 2568 (t.
1287 2516 1314 2556 4
1339 2531 1378 2567 p·
1404 2517 1482 2556 481
1506 2527 1620 2566 seqq·
1647 2520 1676 2550 t·
1705 2517 1730 2555 3

292 2582 334 2622 p-
357 2571 435 2610 667
458 2571 590 2622 seqq..)
611 2574 873 2623 Eutropium’
863 2587 904 2610 111
925 2575 1034 2624 asylo
1049 2602 1058 2620 ,
1104 2572 1324 2624 quamdiu
1314 2585 1397 2622 lpse
1417 2569 1517 2608 illud
1536 2583 1614 2608 nou
1638 2570 1732 2606 reli-

294 2626 442 2674 querit,
482 2638 504 2662 a
531 2640 572 2664 se
597 2635 817 2678 servatum,
853 2635 892 2670 et
914 2630 1014 2687 asyli
1040 2630 1102 2669 ius
1125 2628 1310 2667 adversus
1329 2628 1536 2668 violatores
1557 2624 1734 2666 vindiea-

293 2684 380 2716 tum
404 2693 502 2723 esse
