1812 3016
252 58 349 107 342
794 64 1154 113 REITEMEIERI

362 185 403 223 p.
424 172 475 213 61
497 184 535 210 v.
559 171 626 215 15.
685 172 733 211 de
753 175 898 212 Isauris
919 174 970 212 cf.
994 173 1103 213 idem
1122 176 1151 215 l.
1172 189 1207 215 c.

361 227 415 265 ib.
440 241 479 267 v.
500 231 564 270 17.
620 225 794 282 πόλεμον
814 226 1104 282 προκόπτοντα,
1159 232 1349 283 Vopiscus
1377 230 1532 284 (Probo
1555 245 1590 270 c.
1613 231 1690 284 17)

251 290 404 335 praeter
435 284 572 322 urbem
601 285 889 324 Ptolemaidem
923 287 1072 337 Copton
1102 289 1242 336 etiam,
1291 301 1411 340 quam
1441 287 1692 327 harbariczme.

249 342 453 377 servitium
471 342 665 392 eripuerat
678 372 688 390 ‚
718 345 895 384 Romano
914 345 1078 394 imperio
1101 343 1297 381 redditam
1317 357 1340 382 a
1358 344 1487 382 Probo
1508 357 1592 382 esse
1609 351 1693 382 tra-

253 395 324 433 dit.
382 395 633 435 barbaricum
658 399 760 436 illud
788 400 989 440 servitium
1017 413 1101 437 esse
1127 400 1312 439 barbaros
1340 412 1439 451 quos
1463 401 1692 452 Blemmyas

250 454 434 490 Zosimus
463 451 585 500 dixit,
624 467 721 492 mox
747 457 832 506 ipse
865 457 1055 506 Vopiscus
1083 455 1277 503 deolaratg
1317 455 1428 495 idem
1453 458 1496 497 in
1529 457 1692 508 reliquis

251 510 369 545 etiam
389 522 478 547 cum
490 511 648 550 Zosimo
665 512 914 562 conspirabit,
936 513 970 548 si
989 513 1236 562 ingeniosam
1252 512 1438 550 salmasii
1456 511 1527 564 (ad
1536 514 1692 564 Vopisc.

251 577 285 601 c.
311 565 386 613 17)
422 567 684 603 coniecturam
712 566 867 605 admitti
893 568 1044 618 placet,
1092 570 1161 619 qui
1188 570 1445 619 transpositis
1465 575 1503 606 et
1533 571 1692 607 mutatis

249 620 379 657 verbis
402 622 455 657 ita
477 622 595 672 legit:
637 625 707 674 τῆς
734 621 833 667 κατά
861 625 908 663 Θ.
930 626 1002 663 Hs.
1033 619 1260 675 ἀποστάσης
1278 623 1489 675 βασιλέως,
1520 621 1694 676 πόλεμον

250 674 293 716 δὲ
313 672 409 727 πρὸς
429 675 593 719 Κόπτον
611 674 830 730 ἅραμένης,
870 678 935 720 ἐπὶ
962 676 1112 731 βραχύν
1141 676 1286 732 χρόνον
1313 676 1441 731 αὐτήν
1459 695 1500 719 τε
1514 680 1581 720 καὶ
1602 678 1695 728 τούς

249 731 581 783 συμμαχήσαντας
601 731 704 786 αὐτῇ
723 731 932 786 Βλεμμύας
951 731 1219 787 παρεστήσατο
1243 732 1404 788 Πρόβος
1425 733 1491 775 dio}
1508 739 1587 776 τῶν
1606 734 1695 777 τότε

249 785 614 840 στρατηγησάντων.
671 792 784 828 malit
808 798 1012 842 praeterea
1030 792 1149 832 verba
1170 791 1236 832 ἐπὶ
1257 789 1408 845 βραχύν
1427 789 1570 846 χρόνον
1590 793 1634 833 in
1649 792 1695 834 ἐν

248 844 387 896 βραχεῖ
404 843 533 898 χρόνῳ
551 851 719 883 mutare.

360 899 414 936 ib.
437 914 473 937 v.
497 903 561 941 19.
618 903 807 953 Vopiscus
823 902 851 943 l.
873 915 907 943 o.
930 909 1087 944 centum
1106 902 1220 940 milia
1241 903 1538 941 Bastarnarum
1553 905 1597 941 in
1611 903 1695 942 solo

249 955 432 992 Romano
463 958 687 1001 constituta,
746 957 791 999 lii
801 958 931 1005 fidem
949 972 1080 999 omnes
1100 966 1319 1000 servarunt.
1378 959 1449 1000 sed
1468 973 1558 999 cam
1586 967 1625 996 et
1650 974 1696 998 ex·

247 1011 341 1048 aliis·
364 1012 551 1062 gentibus
573 1013 784 1066 plerosque
804 1017 958 1064 pariter
989 1015 1252 1052 transtulisset
1260 1044 1276 1062 ,
1315 1015 1361 1052 id
1385 1022 1440 1052 est
1459 1029 1505 1052 ex
1529 1015 1696 1067 Gepidis

255 1068 486 1110 Gauzanmfs
505 1075 542 1110 et
566 1069 765 1107 Vandalis
778 1097 791 1115 ‚
820 1070 886 1107 illi
902 1071 1168 1118 omnesfidem
1177 1072 1392 1123 fregerunt
1410 1070 1463 1121 (c.
1487 1071 1573 1124 18).

360 1123 413 1167 ib,
437 1138 474 1165 v.
495 1127 562 1165 22.
622 1132 666 1162 ut
684 1138 706 1162 a
726 1126 869 1176 quibus
893 1127 990 1164 locis
1015 1128 1164 1164 Franci·
1183 1129 1379 1179 progressi
1401 1129 1479 1164 siut
1503 1134 1696 1177 teneatur,

250 1179 513 1217 consulendus
536 1187 595 1218 est
609 1183 793 1218 Eumenii
813 1184 961 1233 Paueg.
981 1183 1208 1220 Constantio
1226 1185 1337 1222 Caes.
1363 1182 1488 1223 dictus
1513 1197 1548 1221 c.
1577 1186 1625 1224 18
1653 1187 1695 1224 3.

248 1237 437 1272 nimirum
464 1249 487 1272 a
507 1238 633 1274 Ponto
667 1239 854 1288 correptis
877 1239 1044 1276 navibus
1059 1240 1268 1277 Graeciam
1286 1241 1501 1291 Asiamque
1519 1240 1697 1291 populati

250 1290 302 1328 ad
320 1293 499 1329 Siciliam
518 1299 556 1330 et
573 1294 631 1331 sic
650 1306 766 1344 porro
791 1307 927 1332 versus
951 1294 1204 1337 Occidentem
1222 1309 1462 1347 processere.
1490 1297 1551 1338 Ii.

464 1427 531 1465 Iv.
587 1426 712 1464 LUDI
741 1427 1075 1466 SAECULARES
1110 1427 1164 1478 (l.
1193 1430 1222 1470 2
1253 1440 1286 1465 c.
1313 1426 1478 1480 1—8).

361 1515 467 1559 Quae
507 1513 556 1551 de
583 1516 734 1565 orIgine
763 1523 802 1557 et
829 1514 978 1558 ratione
1010 1514 1196 1557 ludorum
1226 1517 1485 1555 saecularium
1514 1518 1696 1555 Zosimus

249 1567 424 1617 tradidit,
456 1583 502 1607 eo
524 1572 651 1621 magis
669 1571 782 1609 nobis
804 1578 915 1622 grata
939 1585 1023 1609 esse
1041 1579 1225 1622 possunt,
1264 1586 1341 1625 quo
1364 1586 1445 1610 nou
1465 1572 1583 1610 modo
1603 1573 1697 1610 dili—

249 1627 406 1674 gentius
432 1632 470 1662 et
492 1624 673 1664 disertius
694 1640 833 1664 verum
851 1627 949 1664 adeo
971 1629 1166 1683 copiosius
1187 1630 1267 1679 egit
1284 1631 1465 1670 Zosimus
1486 1628 1534 1666 de
1552 1642 1616 1678 re,
1646 1628 1696 1670 de

251 1693 330 1731 qua
358 1683 477 1721 ceteri
502 1684 710 1738 scr1ptores
729 1696 844 1734 parce
865 1690 903 1720 et
922 1685 1150 1721 summatim
1171 1683 1355 1722 dixerunt
1375 1687 1417 1722 in
1436 1686 1484 1722 iis
1504 1697 1604 1736 quae
1620 1699 1699 1724 no-

251 1737 314 1774 bis
345 1747 566 1788 supersunt.
626 1751 726 1792 quae
755 1738 803 1776 de
838 1741 987 1790 origine
1020 1753 1156 1777 eorum
1182 1742 1361 1779 Valerius
1389 1743 1587 1778 Maximus
1613 1744 1642 1782 2
1670 1739 1697 1781 4

254 1794 411 1843 scripsit
424 1823 433 1840 ‚
465 1796 640 1833 exactius
661 1809 750 1833 cum
767 1798 927 1837 Zosimo
948 1798 1184 1838 conveniunt
1206 1810 1326 1848 quam
1343 1810 1414 1852 pro
1431 1804 1622 1839 vetustate
1640 1798 1698 1835 rei

254 1848 492 1897 sperandum
512 1858 606 1898 erat,
631 1850 728 1888 adeo
752 1859 793 1892 ut
812 1866 864 1889 ex
883 1853 991 1889 fonte
1012 1852 1152 1891 eodem
1170 1861 1237 1895 aut
1253 1866 1333 1895 nou
1351 1853 1521 1894 multum
1542 1850 1696 1891 diverso

253 1910 418 1955 uterque
439 1908 603 1956 scriptor
622 1919 692 1943 sua
708 1906 886 1945 hausisse
908 1907 1099 1948 videatur.

366 1974 407 2010 p·
425 1963 476 2002 63
503 1975 540 1998 v.
563 1966 602 2003 2.
659 1964 784 2001 nolim
816 1970 966 2002 tentare
994 1962 1038 2005 τό
1060 1963 1180 2016 μέσον
1207 1962 1322 2013 [cum
1337 1965 1372 2002 R
1389 1970 1427 2001 et
1448 1966 1695 2014 Heumanno,

255 2027 422 2066 quorum
442 2015 504 2052 hic
525 2017 580 2063 εἰς
599 2014 712 2057 τόσον
730 2020 916 2068 malebat,
946 2020 1013 2057 ille
1037 2018 1079 2060 τὸ
1099 2017 1220 2071 ὅλον].
1277 2026 1432 2071 tempus
1448 2021 1554 2058 enim
1572 2022 1698 2060 iuter-

254 2072 400 2107 iectum
418 2073 519 2108 inter
538 2072 651 2110 ludos
672 2076 889 2112 saeculares
911 2077 1045 2126 explet
1063 2077 1185 2113 vitam
1208 2074 1403 2123 hominis,
1447 2082 1592 2128 quanta
1612 2089 1698 2114 esse

254 2133 383 2176 potest
405 2128 648 2177 longissima.
707 2137 878 2170 ceterum
909 2133 1045 2171 mirari
1069 2133 1161 2169 licet
1186 2134 1382 2169 Romanos
1410 2133 1516 2182 ipsos
1537 2145 1698 2172 suorum

256 2195 455 2219 sacrorum
476 2185 647 2234 origines
668 2192 749 2222 tam
767 2200 907 2236 parum
929 2195 1030 2225 recte
1049 2189 1234 2234 tenuisse,
1265 2195 1308 2225 ut
1326 2187 1442 2225 ludos
1462 2189 1697 2227 Terentiuos

257 2244 296 2275 et
308 2239 557 2288 Apollinares
579 2253 668 2279 oum
687 2241 829 2281 iisdem
847 2243 1143 2283 confunderent.
1201 2244 1261 2286 H.

367 2293 421 2333 ib.
446 2308 485 2335 v,
508 2297 546 2335 6.
604 2295 647 2336 ἒν
674 2300 728 2350 τῷ
754 2300 854 2349 Σαβ.
912 2300 1041 2336 Valer.
1074 2301 1238 2336 Maxim.
1265 2300 1294 2338 l.
1324 2312 1358 2336 c.
1391 2298 1597 2349 Valesius,
1636 2300 1699 2336 vir

257 2348 454 2399 locuples,
489 2352 593 2388 vitae
612 2355 781 2390 rusticae
797 2376 855 2386 w·-
871 2354 1081 2395 habitabat
1103 2356 1146 2392 in
1166 2355 1268 2393 villa
1287 2368 1362 2393 sua
1383 2362 1545 2405 propter
1566 2356 1699 2393 vinum

261 2405 436 2443 Sabinae
454 2409 623 2458 regionis
642 2409 819 2447 ,El-etum.

369 2462 425 2499 ib.
448 2477 486 2500 v.
504 2465 544 2503 7.
603 2462 651 2500 de
669 2465 771 2511 luco,
804 2467 872 2516 qul
893 2466 1060 2503 fulmine
1076 2473 1201 2504 tactus
1219 2467 1281 2513 sit,
1311 2466 1488 2503 Valerius
1506 2466 1562 2502 M.
1581 2470 1698 2501 tacet.

258 2523 350 2553 sunt
373 2525 411 2554 et
432 2532 555 2569 pauca
577 2520 667 2567 alia,
697 2521 799 2559 levia
818 2528 962 2569 tamen,
994 2523 1136 2573 quibus
1155 2536 1176 2559 a
1198 2528 1330 2559 nostro
1353 2521 1545 2558 dissentit.

370 2573 423 2610 ib.
449 2588 486 2611 v.
511 2575 576 2617 14.
635 2577 762 2614 Valer.
781 2578 889 2616 Max.
912 2592 1061 2627 aquam
1079 2579 1252 2615 calidam
1271 2576 1483 2627 (Valesius)
1504 2576 1553 2612 iis
1568 2575 1698 2626 asora

252 2636 408 2676 petens,
436 2631 605 2680 genibus
623 2633 756 2677 nixus,
791 2632 893 2669 lares·
902 2633 1151 2684 familiares,
1187 2640 1232 2670 ut
1248 2646 1461 2683 puerorum
1474 2631 1700 2681 periculum

258 2685 302 2719 in
329 2686 453 2734 ips-itis
478 2695 599 2737 caput
625 2688 891 2739 transferant,
933 2691 1073 2728 oravit.
1163 2696 1250 2727 orta
1274 2687 1414 2726 deinde
1439 2701 1515 2725 vox
1542 2694 1598 2725 est
1620 2693 1700 2746 etc.
