1812 3016
275 50 367 95 138
891 52 1084 95 zosml

270 163 429 219 ἀγαπᾶν
448 166 602 218 μᾶλλον
619 162 647 220 ἢ
669 160 841 219 πόλεμον
863 165 1026 218 πείσας,
1060 163 1116 216 ὥς
1136 165 1178 217 ἔς
1194 165 1355 226 μακρὰν
1376 165 1603 226 ἀποδημίαν
1624 168 1705 214 διέ-

270 249 384 274 ταττε
405 232 451 274 τὸ
474 230 755 290 στρατόπεδον,
789 232 1044 289 καταστήσας
1067 235 1111 277 δὲ
1131 241 1220 286 ταῖς
1237 234 1371 280 πόλεσι
1390 240 1456 280 καὶ
1476 245 1564 289 ταῖς
1583 239 1704 294 ἔσχα-

269 306 372 350 τιαῖς
391 299 615 351 πολιτικούς
633 318 674 343 τε
698 304 765 344 καὶ
794 302 1101 359 στρατιωτικοὺς
1125 301 1321 359 ἡγεμόνας
1347 303 1434 359 ἅμα
1459 311 1511 363 τῇ
1539 305 1704 361 δυνάμει

268 367 329 424 ᾔει
350 370 405 418 εἷς
426 369 499 419 τὰς
509 368 678 419 Ἄλπεις.
731 370 863 413 ἐλθών
889 371 931 412 δὲ
953 373 1008 421 εἰς
1021 369 1222 424 Ῥαιτοῦς,
1251 371 1346 415 ὅθεν
1367 371 1388 414 ὃ
1402 371 1556 431 Ἴστρος
1578 372 1703 431 ἀρχό-

267 453 385 490 μενος
405 435 617 494 Νωρικούς
637 455 678 480 τε
695 440 762 480 καὶ
779 440 979 482 Παιονίαν
996 443 1128 482 πᾶσαν
1149 442 1436 497 παραμείβεται
1453 444 1521 484 καὶ
1541 443 1701 500 προσέτι
1712 451 1734 487 5

267 521 309 559 γε
331 502 474 555 Λάκας
503 507 570 547 καὶ
601 505 696 556 τοὺς
717 507 759 548 ἓν
784 505 925 567 Θρᾴκῃ
948 507 1124 559 Μυσοὺς
1143 510 1208 550 καὶ
1228 507 1418 562 Σκύθας,
1453 509 1558 554 οὕτω
1581 527 1623 553 τε
1647 512 1703 561 εἷς

265 571 335 613 τὸν
353 571 540 623 Εὔξεινον
559 574 681 628 ἐξίησι
701 573 865 627 πόντον,
912 580 1032 618 πλοῖα
1060 574 1236 630 ποτάμια
1258 576 1560 629 κατασκευάσας
1582 578 1703 635 αὐτὸς

264 641 337 694 μὲν
359 639 445 694 ἅμα
467 643 696 698 τρισχιλίοις
713 644 768 692 εἷς
785 642 830 685 τὸ
847 642 985 700 πρόσω
1005 644 1072 686 διὰ
1091 649 1163 686 τοῦ
1170 644 1327 702 Ἴστρου
1344 650 1533 704 παρῆγεν,
1555 648 1702 701 δισμυ-

266 709 378 764 ριόυς
405 710 448 750 δὲ
479 711 576 765 πεζῇ
600 708 645 751 τὸ
667 711 834 766 Σίρμιον
861 710 1181 766 καταλαμβάνειν
1207 714 1416 757 διέταττεν.
1483 715 1632 758 ἐπεὶ-δὲ
1651 709 1701 770 ἦν

264 776 431 830 συνεχὴς
453 778 598 833 εἰρεσία
620 778 722 831 μετὰ
747 783 818 833 τῆς
842 783 916 821 τοῦ
934 778 1009 836 ῥοῦ
1027 783 1158 836 φορᾶς
1175 781 1243 822 καὶ
1262 785 1342 823 τῶν
1360 781 1524 836 ἐτησίων
1544 782 1700 836 ἀνίμων
1711 786 1756 822 10

265 844 375 901 αὐτῷ
396 843 733 898 συντελεσάντων,
768 844 954 903 ἑνδεκάτῃ
975 847 1048 902 μὲν
1067 845 1197 907 ἡμέρᾳ
1219 850 1308 905 περὶ
1326 848 1372 891 τὸ
1394 850 1562 906 Σίρμιον
1581 844 1699 904 ἦλθε,

265 910 513 969 φοιτησάσης
531 914 575 954 δὲ
596 913 779 969 ἀγγελίας
798 913 853 965 ὥς
874 913 895 956 ὃ
913 915 1103 969 βασιλεὺς
1123 917 1367 972 παρεγένετο,
1389 915 1534 967 πάντες
1552 918 1625 972 μὲν
1645 916 1701 969 ὥς

263 982 383 1021 εἰπεῖν
405 979 685 1023 Κωνστάντιον
717 980 882 1038 ἡγοῦντο
914 981 1011 1026 εἶναι
1041 983 1109 1025 τὸν
1141 982 1354 1027 ἐπιστάντα
1365 1016 1379 1037 ,
1427 984 1630 1039 δεξάμενοι
1655 986 1700 1029 δὲ

255 1047 470 1091 Ἰουλιανὸν
489 1049 531 1090 ἕν
551 1047 730 1104 ἐκπλήξει
751 1049 895 1101 πάντες
913 1046 1038 1107 ἦσαν,
1082 1050 1264 1109 φάσματι
1288 1052 1334 1095 τὸ
1354 1053 1514 1107 συμβὰν
1532 1052 1698 1096 ἀπεικά-

261 1118 403 1167 ζοντες.
472 1116 693 1174 φθασάσης
722 1119 765 1161 δὲ
790 1119 880 1173 μετ’
911 1120 958 1162 οὗ
987 1120 1088 1162 πολὺ
1118 1122 1186 1162 καὶ
1214 1125 1287 1176 τῆς
1303 1120 1381 1163 ἀπὸ
1405 1123 1568 1164 Κελτῶν
1587 1121 1751 1181 αῧτῷ15

261 1184 650 1240 παρακολουθούσης
681 1185 886 1241 δυνάμεως
893 1220 907 1240 ,
952 1192 1003 1244 τῇ
1025 1186 1231 1242 Ῥωμαίων
1257 1191 1444 1249 γερουσίᾳ
1462 1191 1528 1232 καὶ
1549 1197 1637 1241 ταῖς
1656 1191 1697 1233 ἓν

259 1256 310 1308 τῇ
324 1253 472 1311 Ἰταλίᾳ
493 1252 706 1307 δυνάμεσιν
728 1254 897 1312 ἔγραφεν
923 1254 1021 1310 ἔχειν
1043 1258 1084 1298 ἐν
1106 1256 1284 1313 ἀσφαλεῖ
1303 1257 1376 1311 τὰς
1394 1255 1527 1308 πόλεις
1546 1255 1602 1308 ὥς
1621 1258 1697 1301 αὗ-

258 1324 329 1362 τοῦ
347 1319 640 1375 βασιλεύοντος.
707 1323 790 1365 ἐπεὶ
813 1324 855 1366 δὲ
876 1327 1039 1379 Ταῦρος
1057 1325 1123 1365 καὶ
1148 1325 1398 1381 Φλωρέντιος
1417 1325 1454 1367 οἱ
1476 1325 1571 1368 κατ’
1595 1326 1695 1368 ἐκεῖ·-

259 1405 328 1429 νυν
348 1388 417 1429 τὸν
438 1389 616 1430 ἐνιαυτὸν
636 1389 802 1441 ὕπατοι,
843 1396 914 1446 τῆς
934 1393 1215 1434 Κωνσταντίου
1247 1394 1409 1450 μερίδος
1438 1391 1572 1446 ὄντες,
1591 1392 1694 1448 ἅμα

259 1459 318 1512 τῷ
344 1460 492 1509 μαθεῖν
522 1455 582 1500 ὅτι
605 1457 818 1508 Ἰουλιανὸς
838 1457 1016 1515 ὑπερβὰς
1039 1459 1112 1510 τὰς
1125 1459 1279 1511 Ἄλπεις
1300 1463 1356 1511 εἰς
1375 1463 1575 1503 Παιονίαν
1597 1461 1750 1520 &cpi-m

259 1540 347 1565 κετο
371 1529 479 1580 φυγῇ
498 1524 569 1579 τὴν
583 1523 789 1580 Ῥωμαίων
807 1526 995 1570 ἀπέλιπον
1004 1521 1027 1579 ,’
1053 1526 1237 1585 φυγάδας
1253 1530 1327 1582 μὲν
1347 1528 1494 1579 αὖτοὺς
1517 1527 1695 1580 ὖπάτους

259 1591 300 1632 ἒν
330 1599 413 1642 τοῖς
441 1595 700 1647 συμβολαίοις
723 1595 871 1637 ἐκέλευε
898 1594 1150 1652 γράφεσθαι,
1186 1594 1319 1646 πάσας
1341 1597 1384 1639 δὲ
1402 1596 1475 1647 τὰς
1492 1595 1625 1647 πόλεις
1644 1597 1694 1648 ἃς

257 1657 392 1712 ἔτυχεν
424 1659 500 1715 ἤδη
531 1662 764 1719 διαδραμὼν
790 1663 1110 1720 ἐφιλοφρονεῖτο,
1163 1665 1342 1721 χρηστὰς
1367 1664 1693 1718 ἕναποτιθὲμενος

256 1787 429 1822 teritorum
445 1788 667 1833 persuasisset
692 1793 731 1823 ut
755 1800 871 1835 pacem
894 1801 992 1836 quam
1012 1790 1152 1835 bellum,
1184 1790 1338 1838 amplecti
1352 1791 1508 1835 mallent,
1537 1792 1689 1828 velutad

257 1833 496 1877 prosectionem
522 1835 733 1878 longinquam
743 1862 753 1878 ,
787 1847 913 1869 omnem
937 1836 1119 1872 exercitum
1142 1836 1285 1873 instruit.
1345 1849 1485 1883 cumque
1514 1837 1628 1872 civiles
1655 1843 1691 1872 et

255 1879 415 1912 militares
432 1879 534 1912 duces
549 1880 679 1924 oppidis
695 1885 796 1925 atque
809 1881 967 1915 limitibus
985 1881 1224 1926 praefecisset,
1248 1893 1365 1916 versus
1379 1883 1480 1928 Alpes
1494 1893 1568 1917 cnm
1580 1883 1689 1928 copiis

254 1923 377 1968 pergit.
423 1924 465 1956 ad
484 1925 609 1958 Raetos
625 1925 679 1958 ubi
697 1925 842 1959 venisset
854 1951 864 1968 ,
889 1927 976 1960 unde
994 1927 1115 1960 fluvius
1131 1928 1218 1961 Ister
1232 1933 1325 1960 ortus
1339 1927 1486 1961 Noricos
1503 1934 1540 1961 et
1553 1929 1688 1962 univer-

255 1980 324 2003 sam
341 1969 544 2002 Pannoniam
562 1976 710 2014 permeat
721 1996 731 2012 ‚
762 1971 941 2015 itidemque
957 1972 1067 2006 Dacas
1088 1977 1124 2006 et
1139 1973 1305 2006 Thraciae
1321 1973 1455 2006 Moesos
1477 1978 1513 2006 et
1527 1973 1688 2016 Scythas,

256 2019 357 2057 atque
375 2013 423 2047 ita
441 2019 545 2048 semet
559 2015 593 2048 in
609 2022 743 2058 pontum
759 2016 925 2051 Euxinum
942 2022 1116 2060 exonerat,
1132 2017 1328 2051 constructis
1342 2017 1482 2061 navigiis
1496 2017 1687 2052 fluvialibus

253 2058 328 2104 ipse
343 2069 416 2091 cnm
432 2059 537 2092 tribus
551 2060 681 2093 milibus
697 2061 785 2094 Istro
799 2062 944 2095 secundo
959 2062 1140 2104 devectus,
1163 2062 1279 2106 viginti
1293 2062 1382 2096 milia
1398 2063 1555 2097 Sirmium
1568 2063 1688 2098 itinere

254 2103 406 2139 terrestri
421 2110 537 2148 petere
551 2104 659 2139 iussit.
706 2110 742 2138 et
768 2106 846 2150 quia
866 2107 1038 2151 remigium
1062 2107 1247 2141 continuum
1272 2118 1346 2142 cum
1371 2108 1517 2142 secundo
1542 2108 1689 2143 fluminis

254 2149 377 2194 impetu
394 2149 666 2194 coniungebatur,
690 2150 731 2183 iis
748 2153 846 2184 etiam
863 2153 972 2185 ventis
986 2153 1218 2186 adiuvantibus
1232 2164 1314 2196 quos
1329 2153 1467 2187 Etesiae.
1483 2154 1576 2187 velut
1591 2153 1686 2188 anni-

253 2195 421 2237 versarios
436 2201 559 2228 vocant
571 2221 581 2238 ,
604 2195 774 2229 undecimo
791 2196 845 2230 die
861 2197 1015 2232 Sirmium
1030 2198 1168 2243 appulit.
1212 2209 1350 2242 cumque
1366 2198 1552 2233 nuntiatum
1566 2199 1687 2233 fuisset

252 2240 484 2285 imperatorem
500 2240 628 2282 adesse,
650 2242 886 2286 propemodum
903 2254 1013 2276 omnes
1027 2244 1271 2276 arbitrabantur
1290 2255 1365 2277 esse
1379 2244 1612 2278 Constantium
1627 2243 1685 2288 qui

254 2285 413 2320 venisset.
458 2285 518 2319 sed
532 2285 590 2318 ubi
605 2286 764 2320 Iulianum
781 2288 991 2332 excepissent
1001 2315 1011 2332 ,
1034 2299 1115 2333 prae
1129 2288 1342 2322 admiratione
1358 2289 1470 2322 cuncti
1484 2290 1684 2334 stupebant3

257 2335 293 2363 et
305 2330 411 2364 instar
422 2330 569 2376 portenti
583 2331 752 2365 habebant
765 2331 799 2365 id
815 2333 905 2376 quod
922 2333 1096 2368 evenisset.
1141 2345 1206 2367 non
1220 2334 1322 2367 multo
1338 2339 1426 2378 post,
1449 2346 1521 2368 cum
1537 2339 1572 2368 et
1585 2345 1685 2368 exer-

257 2376 343 2409 citus
356 2376 412 2409 ille
427 2376 483 2421 qui
501 2387 545 2410 ex
559 2376 665 2410 Celtis
679 2377 944 2422 subsequebatur
959 2384 1095 2422 praesto
1108 2383 1218 2420 esset,
1250 2379 1291 2412 ad
1317 2385 1467 2414 senatum
1484 2379 1597 2424 populi
1608 2379 1686 2412 Ro-

253 2421 339 2455 mani
364 2426 400 2454 et
413 2421 546 2455 Italicos
562 2422 731 2456 exercitus
756 2422 871 2457 literas
898 2424 1009 2466 dedit,
1044 2424 1161 2468 quibus
1181 2423 1215 2456 in
1237 2424 1341 2457 literis
1360 2425 1581 2470 perscriptum
1597 2429 1684 2466 erat,

252 2466 422 2511 praesidiis
437 2467 579 2501 munitas
594 2467 693 2501 urbes
707 2472 869 2510 tenerent,
893 2470 1023 2513 quando
1039 2470 1102 2503 iam
1118 2469 1191 2513 ipse
1205 2475 1321 2503 nactus
1337 2475 1426 2504 esset
1440 2469 1622 2515 imperium.
1647 2473 1684 2502 et

251 2512 330 2556 quia
345 2513 479 2546 Taurus
494 2523 534 2546 ac
546 2513 738 2547 Florentius
754 2513 824 2546 eius
839 2514 917 2546 anni
932 2515 1095 2556 consules,
1110 2514 1165 2558 qui
1179 2524 1200 2546 a
1211 2515 1408 2548 Constantio
1423 2515 1571 2556 stabant,
1585 2513 1683 2548 simul

251 2563 352 2601 atque
378 2558 613 2602 cognovissent
635 2558 798 2592 Iulianum
812 2558 913 2604 Alpes
938 2564 1181 2602 transgressum
1203 2559 1235 2592 in
1250 2560 1454 2593 Pannoniam
1475 2558 1682 2605 pervenisse,

250 2603 331 2645 fuga
346 2608 451 2636 semet
465 2614 507 2637 ex
522 2604 604 2637 urbe
618 2603 843 2638 subduxerant
852 2630 863 2646 ,
895 2604 1046 2638 consules
1060 2603 1220 2648 fugitivos
1234 2604 1269 2637 in
1284 2604 1528 2649 perscribendis
1541 2603 1683 2649 publids

251 2646 474 2682 instrumentis
489 2659 546 2682 eos
560 2649 722 2694 appellari
735 2648 842 2683 iussit.
865 2659 979 2683 omnes
993 2653 1103 2683 autem
1119 2650 1230 2691 urbes,
1253 2661 1338 2693 quas
1358 2649 1478 2683 cursim
1491 2649 1556 2684 iam
1570 2654 1685 2683 trans—

250 2691 357 2734 ierat,
378 2693 507 2728 -blande
520 2694 744 2737 demulcebat,
775 2693 938 2743 universis
960 2705 1054 2740 spem
1075 2694 1118 2729 de
1139 2706 1177 2729 se
1194 2695 1311 2729 bonam
1325 2695 1503 2740 praebens.
1551 2693 1684 2741 scripsit
