<?xml version="1.0" encoding="UTF-8"?>
<!DOCTYPE html PUBLIC "-//W3C//DTD XHTML 1.0 Transitional//EN"
    "http://www.w3.org/TR/xhtml1/DTD/xhtml1-transitional.dtd">
<html xmlns="http://www.w3.org/1999/xhtml" xml:lang="en" lang="en">
 <head>
  <title>
</title>
<meta http-equiv="Content-Type" content="text/html;charset=utf-8" />
  <meta name='ocr-system' content='tesseract 3.04.00' />
  <meta name='ocr-capabilities' content='ocr_page ocr_carea ocr_par ocr_line ocrx_word'/>
</head>
<body>
  <div class='ocr_page' id='page_1' title='image "./corpusscriptorum50niebuoft_0280.png"; bbox 0 0 1812 3016; ppageno 0'>
   <div class='ocr_carea' id='block_1_1' title="bbox 242 101 1066 150">
    <p class='ocr_par' dir='ltr' id='par_1_1' title="bbox 242 101 1066 150">
     <span class='ocr_line' id='line_1_1' title="bbox 242 101 1066 150; baseline -0.005 0"><span class='ocrx_word' id='word_1_1' title='bbox 242 101 340 150; x_wconf 80' lang='lat'><strong><em>234</em></strong></span> <span class='ocrx_word' id='word_1_2' title='bbox 869 102 1066 147; x_wconf 81' lang='lat' dir='ltr'><strong>zosnm</strong></span> 
     </span>
    </p>
   </div>
   <div class='ocr_carea' id='block_1_2' title="bbox 233 204 1743 1837">
    <p class='ocr_par' dir='ltr' id='par_1_2' title="bbox 237 204 1743 1497">
     <span class='ocr_line' id='line_1_2' title="bbox 241 204 1687 272; baseline -0.001 -13"><span class='ocrx_word' id='word_1_3' title='bbox 241 221 367 271; x_wconf 85' lang='grc' dir='ltr'><strong><em>θῆναι</em></strong></span> <span class='ocrx_word' id='word_1_4' title='bbox 398 219 652 271; x_wconf 73' lang='grc' dir='ltr'><em>μεταλαβεῖν.</em></span> <span class='ocrx_word' id='word_1_5' title='bbox 717 220 789 259; x_wconf 77' lang='grc' dir='ltr'><strong><em>τοῦ</em></strong></span> <span class='ocrx_word' id='word_1_6' title='bbox 821 217 865 259; x_wconf 77' lang='grc' dir='ltr'><strong><em>δὲ</em></strong></span> <span class='ocrx_word' id='word_1_7' title='bbox 887 213 1068 267; x_wconf 75' lang='grc' dir='ltr'><strong><em>ἐνδόντος</em></strong></span> <span class='ocrx_word' id='word_1_8' title='bbox 1100 213 1127 271; x_wconf 79' lang='grc' dir='ltr'><strong><em>ἦ</em></strong></span> <span class='ocrx_word' id='word_1_9' title='bbox 1153 215 1227 270; x_wconf 73' lang='grc' dir='ltr'><strong><em>μὲν</em></strong></span> <span class='ocrx_word' id='word_1_10' title='bbox 1262 212 1432 272; x_wconf 77' lang='grc' dir='ltr'><strong><em>σάλπιγξ</em></strong></span> <span class='ocrx_word' id='word_1_11' title='bbox 1454 204 1612 271; x_wconf 72' lang='grc' dir='ltr'><strong><em>ἦχοῦσα</em></strong></span> <span class='ocrx_word' id='word_1_12' title='bbox 1641 214 1687 258; x_wconf 76' lang='grc' dir='ltr'><strong><em>τὸ</em></strong></span> 
     </span>
     <span class='ocr_line' id='line_1_3' title="bbox 243 282 1686 342; baseline 0 -16"><span class='ocrx_word' id='word_1_13' title='bbox 243 284 504 339; x_wconf 77' lang='grc' dir='ltr'><strong><em>ἀνακλητικὸν</em></strong></span> <span class='ocrx_word' id='word_1_14' title='bbox 528 285 679 342; x_wconf 76' lang='grc' dir='ltr'><strong><em>ἀφίστη</em></strong></span> <span class='ocrx_word' id='word_1_15' title='bbox 701 284 795 335; x_wconf 75' lang='grc' dir='ltr'><strong><em>τοὺς</em></strong></span> <span class='ocrx_word' id='word_1_16' title='bbox 814 282 1062 342; x_wconf 82' lang='grc' dir='ltr'><strong><em>στρατιώτας</em></strong></span> <span class='ocrx_word' id='word_1_17' title='bbox 1079 288 1151 327; x_wconf 84' lang='grc' dir='ltr'><strong><em>τοῦ</em></strong></span> <span class='ocrx_word' id='word_1_18' title='bbox 1170 283 1286 340; x_wconf 63' lang='grc' dir='ltr'><strong><em>ἔργον</em></strong></span> <span class='ocrx_word' id='word_1_19' title='bbox 1308 285 1374 326; x_wconf 80' lang='grc' dir='ltr'><strong><em>καὶ</em></strong></span> <span class='ocrx_word' id='word_1_20' title='bbox 1394 288 1467 339; x_wconf 87' lang='grc' dir='ltr'><strong><em>τῆς</em></strong></span> <span class='ocrx_word' id='word_1_21' title='bbox 1484 283 1588 326; x_wconf 80' lang='grc' dir='ltr'><strong><em>κατὰ</em></strong></span> <span class='ocrx_word' id='word_1_22' title='bbox 1607 287 1686 326; x_wconf 69' lang='grc' dir='ltr'><strong><em>τῶν</em></strong></span> 
     </span>
     <span class='ocr_line' id='line_1_4' title="bbox 239 349 1687 410; baseline -0.001 -15"><span class='ocrx_word' id='word_1_23' title='bbox 239 351 463 410; x_wconf 80' lang='grc' dir='ltr'><strong><em>βαρβάρων</em></strong></span> <span class='ocrx_word' id='word_1_24' title='bbox 484 353 693 410; x_wconf 80' lang='grc' dir='ltr'><strong><em>ἐπιφορᾶς,</em></strong></span> <span class='ocrx_word' id='word_1_25' title='bbox 729 351 1057 409; x_wconf 79' lang='grc' dir='ltr'><em>ἀναχωρήσαντες</em></span> <span class='ocrx_word' id='word_1_26' title='bbox 1076 353 1119 394; x_wconf 78' lang='grc' dir='ltr'><strong><em>δὲ</em></strong></span> <span class='ocrx_word' id='word_1_27' title='bbox 1136 353 1198 394; x_wconf 78' lang='grc' dir='ltr'><strong><em>ἐπὶ</em></strong></span> <span class='ocrx_word' id='word_1_28' title='bbox 1218 351 1290 406; x_wconf 85' lang='grc' dir='ltr'><strong><em>τὴν</em></strong></span> <span class='ocrx_word' id='word_1_29' title='bbox 1311 351 1479 405; x_wconf 75' lang='grc' dir='ltr'><strong><em>εὐωχίαν</em></strong></span> <span class='ocrx_word' id='word_1_30' title='bbox 1499 353 1566 393; x_wconf 82' lang='grc' dir='ltr'><strong><em>καὶ</em></strong></span> <span class='ocrx_word' id='word_1_31' title='bbox 1585 349 1687 393; x_wconf 63' lang='lat' dir='ltr'><strong>tmi-</strong></span> 
     </span>
     <span class='ocr_line' id='line_1_5' title="bbox 240 408 1689 478; baseline -0.002 -15"><span class='ocrx_word' id='word_1_32' title='bbox 240 439 313 476; x_wconf 87' lang='grc' dir='ltr'><strong><em>της</em></strong></span> <span class='ocrx_word' id='word_1_33' title='bbox 340 422 657 478; x_wconf 78' lang='grc' dir='ltr'><strong><em>ἐμφορηθέντες,</em></strong></span> <span class='ocrx_word' id='word_1_34' title='bbox 693 421 787 478; x_wconf 78' lang='grc' dir='ltr'><strong><em>οἷ’νῳ</em></strong></span> <span class='ocrx_word' id='word_1_35' title='bbox 814 438 855 463; x_wconf 84' lang='grc' dir='ltr'><strong><em>τε</em></strong></span> <span class='ocrx_word' id='word_1_36' title='bbox 877 423 944 463; x_wconf 82' lang='grc' dir='ltr'><strong><em>καὶ</em></strong></span> <span class='ocrx_word' id='word_1_37' title='bbox 975 419 1082 477; x_wconf 79' lang='grc' dir='ltr'><strong><em>πόνῳ</em></strong></span> <span class='ocrx_word' id='word_1_38' title='bbox 1104 419 1418 474; x_wconf 76' lang='grc' dir='ltr'><strong><em>συνειλημμένοι,</em></strong></span> <span class='ocrx_word' id='word_1_39' title='bbox 1450 408 1689 473; x_wconf 75' lang='grc' dir='ltr'><strong><em>βαθύτατον·</em></strong></span> 
     </span>
     <span class='ocr_line' id='line_1_6' title="bbox 240 481 1721 545; baseline -0.003 -14"><span class='ocrx_word' id='word_1_40' title='bbox 240 488 459 532; x_wconf 80' lang='grc' dir='ltr'><strong><em>ἐκάθευδον</em></strong></span> <span class='ocrx_word' id='word_1_41' title='bbox 473 488 607 532; x_wconf 76' lang='grc' dir='ltr'><strong><em>ὕπνον.</em></strong></span> <span class='ocrx_word' id='word_1_42' title='bbox 677 488 772 545; x_wconf 80' lang='grc' dir='ltr'><strong><em>ὅπερ</em></strong></span> <span class='ocrx_word' id='word_1_43' title='bbox 789 487 1025 543; x_wconf 83' lang='grc' dir='ltr'><strong><em>αῗσθόμενοι</em></strong></span> <span class='ocrx_word' id='word_1_44' title='bbox 1046 493 1125 530; x_wconf 82' lang='grc' dir='ltr'><strong><em>τῶν</em></strong></span> <span class='ocrx_word' id='word_1_45' title='bbox 1144 481 1368 544; x_wconf 81' lang='grc' dir='ltr'><strong><em>βαρβάρων</em></strong></span> <span class='ocrx_word' id='word_1_46' title='bbox 1384 487 1423 530; x_wconf 78' lang='grc' dir='ltr'><strong><em>οἱ</em></strong></span> <span class='ocrx_word' id='word_1_47' title='bbox 1441 490 1721 544; x_wconf 71' lang='grc' dir='ltr'><strong><em>περιλελειμ-Ξι.</em></strong></span> 
     </span>
     <span class='ocr_line' id='line_1_7' title="bbox 237 554 1689 613; baseline -0.002 -14"><span class='ocrx_word' id='word_1_48' title='bbox 237 558 348 612; x_wconf 85' lang='grc' dir='ltr'><strong><em>μένοι</em></strong></span> <span class='ocrx_word' id='word_1_49' title='bbox 372 556 478 599; x_wconf 82' lang='grc' dir='ltr'><strong><em>ὅπλα</em></strong></span> <span class='ocrx_word' id='word_1_50' title='bbox 501 575 541 599; x_wconf 86' lang='grc' dir='ltr'><strong><em>τε</em></strong></span> <span class='ocrx_word' id='word_1_51' title='bbox 567 557 762 611; x_wconf 81' lang='grc' dir='ltr'><strong><em>ἀνέλαβον</em></strong></span> <span class='ocrx_word' id='word_1_52' title='bbox 771 589 784 608; x_wconf 87' lang='grc'>,</span> <span class='ocrx_word' id='word_1_53' title='bbox 819 559 885 599; x_wconf 84' lang='grc' dir='ltr'><strong><em>καὶ</em></strong></span> <span class='ocrx_word' id='word_1_54' title='bbox 918 554 1207 613; x_wconf 75' lang='grc' dir='ltr'><strong><em>προσπεσόντες</em></strong></span> <span class='ocrx_word' id='word_1_55' title='bbox 1237 554 1350 612; x_wconf 75' lang='grc' dir='ltr'><strong><em>ὕπνῳ</em></strong></span> <span class='ocrx_word' id='word_1_56' title='bbox 1378 557 1446 597; x_wconf 79' lang='grc' dir='ltr'><strong><em>καὶ</em></strong></span> <span class='ocrx_word' id='word_1_57' title='bbox 1471 556 1580 611; x_wconf 83' lang='grc' dir='ltr'><strong><em>μέθῃ</em></strong></span> <span class='ocrx_word' id='word_1_58' title='bbox 1605 560 1689 604; x_wconf 79' lang='grc' dir='ltr'><strong><em>τοῖς</em></strong></span> 
     </span>
     <span class='ocr_line' id='line_1_8' title="bbox 237 622 1687 682; baseline -0.003 -15"><span class='ocrx_word' id='word_1_59' title='bbox 237 623 503 682; x_wconf 79' lang='grc' dir='ltr'><strong><em>στρατιώταις</em></strong></span> <span class='ocrx_word' id='word_1_60' title='bbox 529 626 833 682; x_wconf 80' lang='grc' dir='ltr'><strong><em>κεκρατημένοις</em></strong></span> <span class='ocrx_word' id='word_1_61' title='bbox 863 625 1115 667; x_wconf 85' lang='grc' dir='ltr'><strong><em>κατεκέντουν</em></strong></span> <span class='ocrx_word' id='word_1_62' title='bbox 1149 622 1295 679; x_wconf 85' lang='grc' dir='ltr'><strong><em>δόρασί</em></strong></span> <span class='ocrx_word' id='word_1_63' title='bbox 1315 640 1357 665; x_wconf 85' lang='grc' dir='ltr'><strong><em>τε</em></strong></span> <span class='ocrx_word' id='word_1_64' title='bbox 1381 626 1448 665; x_wconf 80' lang='grc' dir='ltr'><strong><em>καὶ</em></strong></span> <span class='ocrx_word' id='word_1_65' title='bbox 1468 624 1598 680; x_wconf 80' lang='grc' dir='ltr'><strong><em>ξίφεσι</em></strong></span> <span class='ocrx_word' id='word_1_66' title='bbox 1620 623 1687 664; x_wconf 79' lang='grc' dir='ltr'><strong><em>καὶ</em></strong></span> 
     </span>
     <span class='ocr_line' id='line_1_9' title="bbox 238 689 1689 750; baseline -0.002 -15"><span class='ocrx_word' id='word_1_67' title='bbox 238 695 356 736; x_wconf 87' lang='grc' dir='ltr'><strong><em>παντὶ</em></strong></span> <span class='ocrx_word' id='word_1_68' title='bbox 389 698 446 750; x_wconf 77' lang='grc' dir='ltr'><strong><em>τῷ</em></strong></span> <span class='ocrx_word' id='word_1_69' title='bbox 477 693 579 749; x_wconf 86' lang='grc' dir='ltr'><strong><em>πρὸς</em></strong></span> <span class='ocrx_word' id='word_1_70' title='bbox 614 692 738 750; x_wconf 80' lang='grc' dir='ltr'><strong><em>φόνον</em></strong></span> <span class='ocrx_word' id='word_1_71' title='bbox 764 693 965 750; x_wconf 80' lang='grc' dir='ltr'><strong><em>ἀρκοῦντι.</em></strong></span> <span class='ocrx_word' id='word_1_72' title='bbox 1032 691 1282 748; x_wconf 80' lang='grc' dir='ltr'><strong><em>συνανῄρητο</em></strong></span> <span class='ocrx_word' id='word_1_73' title='bbox 1314 691 1355 733; x_wconf 76' lang='grc' dir='ltr'><strong><em>δ’</em></strong></span> <span class='ocrx_word' id='word_1_74' title='bbox 1392 690 1441 734; x_wconf 74' lang='grc' dir='ltr'><strong><em>ἄν</em></strong></span> <span class='ocrx_word' id='word_1_75' title='bbox 1471 689 1608 747; x_wconf 79' lang='grc' dir='ltr'><strong><em>ἁπάσῃ</em></strong></span> <span class='ocrx_word' id='word_1_76' title='bbox 1639 693 1689 746; x_wconf 81' lang='grc' dir='ltr'><strong><em>τῇ</em></strong></span> 
     </span>
     <span class='ocr_line' id='line_1_10' title="bbox 238 757 1687 820; baseline -0.003 -15"><span class='ocrx_word' id='word_1_77' title='bbox 238 765 409 820; x_wconf 76' lang='grc' dir='ltr'><strong><em>στρατιᾷ</em></strong></span> <span class='ocrx_word' id='word_1_78' title='bbox 431 763 498 803; x_wconf 87' lang='grc' dir='ltr'><strong><em>καὶ</em></strong></span> <span class='ocrx_word' id='word_1_79' title='bbox 529 759 550 802; x_wconf 80' lang='grc' dir='ltr'><strong>ὅ</strong></span> <span class='ocrx_word' id='word_1_80' title='bbox 571 761 762 814; x_wconf 77' lang='grc' dir='ltr'><strong><em>βασιλεὺς</em></strong></span> <span class='ocrx_word' id='word_1_81' title='bbox 793 759 927 812; x_wconf 83' lang='grc' dir='ltr'><strong><em>αὗτός,</em></strong></span> <span class='ocrx_word' id='word_1_82' title='bbox 961 762 994 803; x_wconf 81' lang='grc' dir='ltr'><strong><em>εἲ</em></strong></span> <span class='ocrx_word' id='word_1_83' title='bbox 1014 759 1071 814; x_wconf 84' lang='grc' dir='ltr'><strong><em>μή</em></strong></span> <span class='ocrx_word' id='word_1_84' title='bbox 1096 778 1197 810; x_wconf 84' lang='grc' dir='ltr'><strong><em>τινες</em></strong></span> <span class='ocrx_word' id='word_1_85' title='bbox 1217 764 1297 803; x_wconf 83' lang='grc' dir='ltr'><strong><em>τῶν</em></strong></span> <span class='ocrx_word' id='word_1_86' title='bbox 1319 757 1430 801; x_wconf 71' lang='grc' dir='ltr'><strong><em>οὔπω</em></strong></span> <span class='ocrx_word' id='word_1_87' title='bbox 1449 759 1592 813; x_wconf 80' lang='grc' dir='ltr'><strong><em>θοίνης</em></strong></span> <span class='ocrx_word' id='word_1_88' title='bbox 1612 775 1687 811; x_wconf 84' lang='grc' dir='ltr'><strong><em>με·-</em></strong></span> 
     </span>
     <span class='ocr_line' id='line_1_11' title="bbox 237 825 1743 885; baseline -0.005 -13"><span class='ocrx_word' id='word_1_89' title='bbox 237 828 496 883; x_wconf 80' lang='grc' dir='ltr'><strong><em>ταλαβόντων</em></strong></span> <span class='ocrx_word' id='word_1_90' title='bbox 525 829 701 885; x_wconf 71' lang='grc' dir='ltr'><strong><em>ἔδραμον</em></strong></span> <span class='ocrx_word' id='word_1_91' title='bbox 729 831 791 870; x_wconf 83' lang='grc' dir='ltr'><strong><em>ἐπὶ</em></strong></span> <span class='ocrx_word' id='word_1_92' title='bbox 820 829 892 882; x_wconf 85' lang='grc' dir='ltr'><strong><em>τὴν</em></strong></span> <span class='ocrx_word' id='word_1_93' title='bbox 919 833 991 871; x_wconf 82' lang='grc' dir='ltr'><strong><em>τοῦ</em></strong></span> <span class='ocrx_word' id='word_1_94' title='bbox 1019 829 1216 882; x_wconf 82' lang='grc' dir='ltr'><strong><em>βασιλέως</em></strong></span> <span class='ocrx_word' id='word_1_95' title='bbox 1245 825 1414 882; x_wconf 81' lang='grc' dir='ltr'><strong><em>σκηνήν,</em></strong></span> <span class='ocrx_word' id='word_1_96' title='bbox 1449 826 1494 868; x_wconf 85' lang='grc' dir='ltr'><strong><em>τὸ</em></strong></span> <span class='ocrx_word' id='word_1_97' title='bbox 1525 826 1687 880; x_wconf 79' lang='grc' dir='ltr'><strong><em>συμβὰν</em></strong></span> <span class='ocrx_word' id='word_1_98' title='bbox 1699 831 1743 866; x_wconf 83' lang='grc'><strong><em>10</em></strong></span> 
     </span>
     <span class='ocr_line' id='line_1_12' title="bbox 238 894 1688 953; baseline -0.002 -14"><span class='ocrx_word' id='word_1_99' title='bbox 238 899 553 953; x_wconf 68' lang='grc' dir='ltr'><strong><em>ἐξαγγέλλοντες·</em></strong></span> <span class='ocrx_word' id='word_1_100' title='bbox 590 897 662 953; x_wconf 80' lang='grc' dir='ltr'><strong><em>ἐφ’</em></strong></span> <span class='ocrx_word' id='word_1_101' title='bbox 693 894 754 946; x_wconf 79' lang='grc' dir='ltr'><strong><em>οἷς</em></strong></span> <span class='ocrx_word' id='word_1_102' title='bbox 785 895 907 947; x_wconf 84' lang='grc' dir='ltr'><strong><em>αὐτός</em></strong></span> <span class='ocrx_word' id='word_1_103' title='bbox 935 914 976 939; x_wconf 87' lang='grc' dir='ltr'><strong><em>τε</em></strong></span> <span class='ocrx_word' id='word_1_104' title='bbox 1005 898 1071 938; x_wconf 82' lang='grc' dir='ltr'><strong><em>καὶ</em></strong></span> <span class='ocrx_word' id='word_1_105' title='bbox 1106 897 1143 938; x_wconf 78' lang='grc' dir='ltr'><strong><em>οἳ</em></strong></span> <span class='ocrx_word' id='word_1_106' title='bbox 1170 895 1244 938; x_wconf 79' lang='grc' dir='ltr'><strong><em>σὺν</em></strong></span> <span class='ocrx_word' id='word_1_107' title='bbox 1273 895 1383 952; x_wconf 72' lang='grc' dir='ltr'><strong><em>αὐτῷ</em></strong></span> <span class='ocrx_word' id='word_1_108' title='bbox 1419 894 1688 951; x_wconf 69' lang='grc' dir='ltr'><strong><em>ταραχθέντες</em></strong></span> 
     </span>
     <span class='ocr_line' id='line_1_13' title="bbox 239 961 1688 1022; baseline -0.002 -16"><span class='ocrx_word' id='word_1_109' title='bbox 239 970 348 1022; x_wconf 74' lang='grc' dir='ltr'><strong><em>φυγῇ</em></strong></span> <span class='ocrx_word' id='word_1_110' title='bbox 374 965 443 1007; x_wconf 87' lang='grc' dir='ltr'><strong><em>τὸν</em></strong></span> <span class='ocrx_word' id='word_1_111' title='bbox 469 966 709 1019; x_wconf 74' lang='grc' dir='ltr'><strong><em>ἐπικείμενον</em></strong></span> <span class='ocrx_word' id='word_1_112' title='bbox 733 966 914 1007; x_wconf 86' lang='grc' dir='ltr'><strong><em>κίνδυνον</em></strong></span> <span class='ocrx_word' id='word_1_113' title='bbox 932 964 1106 1020; x_wconf 65' lang='grc' dir='ltr'><strong><em>ἔγνωσαν</em></strong></span> <span class='ocrx_word' id='word_1_114' title='bbox 1124 964 1363 1019; x_wconf 81' lang='grc' dir='ltr'><strong><em>ἀποδρᾶναι.</em></strong></span> <span class='ocrx_word' id='word_1_115' title='bbox 1431 961 1620 1019; x_wconf 77' lang='grc' dir='ltr'><strong><em>φεύγουσι</em></strong></span> <span class='ocrx_word' id='word_1_116' title='bbox 1643 962 1688 1003; x_wconf 77' lang='grc' dir='ltr'><strong><em>δέ</em></strong></span> 
     </span>
     <span class='ocr_line' id='line_1_14' title="bbox 239 1027 1688 1090; baseline -0.003 -14"><span class='ocrx_word' id='word_1_117' title='bbox 239 1034 375 1083; x_wconf 79' lang='grc' dir='ltr'><strong><em>αὐτοῖς</em></strong></span> <span class='ocrx_word' id='word_1_118' title='bbox 391 1032 623 1088; x_wconf 69' lang='grc' dir='ltr'><strong><em>ὑπαντήσας</em></strong></span> <span class='ocrx_word' id='word_1_119' title='bbox 638 1032 867 1090; x_wconf 86' lang='grc' dir='ltr'><strong><em>Πρόμωτος</em></strong></span> <span class='ocrx_word' id='word_1_120' title='bbox 896 1033 1036 1087; x_wconf 65' lang='grc' dir='ltr'><strong><em>(ἔτυχε</em></strong></span> <span class='ocrx_word' id='word_1_121' title='bbox 1056 1032 1133 1088; x_wconf 80' lang='grc' dir='ltr'><strong><em>γὰρ</em></strong></span> <span class='ocrx_word' id='word_1_122' title='bbox 1161 1030 1239 1073; x_wconf 70' lang='grc' dir='ltr'><strong><em>ὑπὸ</em></strong></span> <span class='ocrx_word' id='word_1_123' title='bbox 1261 1035 1335 1073; x_wconf 82' lang='grc' dir='ltr'><strong><em>τοῦ</em></strong></span> <span class='ocrx_word' id='word_1_124' title='bbox 1348 1031 1546 1084; x_wconf 84' lang='grc' dir='ltr'><strong><em>βασιλέως</em></strong></span> <span class='ocrx_word' id='word_1_125' title='bbox 1562 1027 1688 1084; x_wconf 76' lang='grc' dir='ltr'><strong><em>μετοί-</em></strong></span> 
     </span>
     <span class='ocr_line' id='line_1_15' title="bbox 239 1096 1689 1157; baseline -0.003 -14"><span class='ocrx_word' id='word_1_126' title='bbox 239 1119 417 1156; x_wconf 86' lang='grc' dir='ltr'><strong><em>πεμπτος</em></strong></span> <span class='ocrx_word' id='word_1_127' title='bbox 449 1101 648 1157; x_wconf 78' lang='grc' dir='ltr'><strong><em>γεγονὼς)</em></strong></span> <span class='ocrx_word' id='word_1_128' title='bbox 684 1102 753 1143; x_wconf 82' lang='grc' dir='ltr'><strong><em>τὸν</em></strong></span> <span class='ocrx_word' id='word_1_129' title='bbox 780 1102 853 1155; x_wconf 78' lang='grc' dir='ltr'><strong><em>μὲν</em></strong></span> <span class='ocrx_word' id='word_1_130' title='bbox 870 1102 1040 1155; x_wconf 74' lang='grc' dir='ltr'><strong><em>βασιλέα</em></strong></span> <span class='ocrx_word' id='word_1_131' title='bbox 1061 1098 1289 1156; x_wconf 81' lang='grc' dir='ltr'><strong><em>περισώζειν</em></strong></span> <span class='ocrx_word' id='word_1_132' title='bbox 1310 1096 1431 1141; x_wconf 76' lang='grc' dir='ltr'><strong><em>αὗτόν</em></strong></span> <span class='ocrx_word' id='word_1_133' title='bbox 1449 1115 1489 1140; x_wconf 86' lang='grc' dir='ltr'><strong><em>τε</em></strong></span> <span class='ocrx_word' id='word_1_134' title='bbox 1509 1100 1575 1140; x_wconf 77' lang='grc' dir='ltr'><strong><em>καὶ</em></strong></span> <span class='ocrx_word' id='word_1_135' title='bbox 1595 1097 1689 1147; x_wconf 79' lang='grc' dir='ltr'><strong><em>τοὺς</em></strong></span> 
     </span>
     <span class='ocr_line' id='line_1_16' title="bbox 241 1164 1742 1227; baseline -0.003 -16"><span class='ocrx_word' id='word_1_136' title='bbox 241 1171 352 1227; x_wconf 76' lang='grc' dir='ltr'><strong><em>αὐτῷ</em></strong></span> <span class='ocrx_word' id='word_1_137' title='bbox 372 1168 563 1220; x_wconf 88' lang='grc' dir='ltr'><strong><em>συνόντας</em></strong></span> <span class='ocrx_word' id='word_1_138' title='bbox 581 1170 714 1224; x_wconf 74' lang='grc' dir='ltr'><strong><em>ἠξίου·</em></strong></span> <span class='ocrx_word' id='word_1_139' title='bbox 745 1174 825 1211; x_wconf 81' lang='grc' dir='ltr'><strong><em>τῶν</em></strong></span> <span class='ocrx_word' id='word_1_140' title='bbox 848 1169 924 1226; x_wconf 77' lang='grc' dir='ltr'><strong><em>γὰρ</em></strong></span> <span class='ocrx_word' id='word_1_141' title='bbox 955 1167 1178 1225; x_wconf 80' lang='grc' dir='ltr'><strong><em>βαρβάρων</em></strong></span> <span class='ocrx_word' id='word_1_142' title='bbox 1200 1168 1310 1223; x_wconf 77' lang='grc' dir='ltr'><strong><em>αὐτῷ’</em></strong></span> <span class='ocrx_word' id='word_1_143' title='bbox 1334 1164 1539 1220; x_wconf 77' lang='grc' dir='ltr'><strong><em>μελήσειν,</em></strong></span> <span class='ocrx_word' id='word_1_144' title='bbox 1573 1166 1688 1216; x_wconf 77' lang='grc' dir='ltr'><strong><em>ἀξίαν</em></strong></span> <span class='ocrx_word' id='word_1_145' title='bbox 1700 1170 1742 1207; x_wconf 84' lang='grc'><strong><em>15</em></strong></span> 
     </span>
     <span class='ocr_line' id='line_1_17' title="bbox 240 1233 1688 1292; baseline -0.003 -12"><span class='ocrx_word' id='word_1_146' title='bbox 240 1243 312 1292; x_wconf 83' lang='grc' dir='ltr'><strong><em>τῆς</em></strong></span> <span class='ocrx_word' id='word_1_147' title='bbox 336 1239 468 1280; x_wconf 76' lang='grc' dir='ltr'><strong><em>αὐτῶν</em></strong></span> <span class='ocrx_word' id='word_1_148' title='bbox 502 1238 692 1287; x_wconf 77' lang='grc' dir='ltr'><strong><em>ἀπονοίας</em></strong></span> <span class='ocrx_word' id='word_1_149' title='bbox 723 1236 958 1292; x_wconf 78' lang='grc' dir='ltr'><strong><em>ἐπιθήσοντι</em></strong></span> <span class='ocrx_word' id='word_1_150' title='bbox 989 1239 1113 1291; x_wconf 88' lang='grc' dir='ltr'><strong><em>δίκην.</em></strong></span> <span class='ocrx_word' id='word_1_151' title='bbox 1182 1237 1249 1278; x_wconf 81' lang='grc' dir='ltr'><strong><em>καὶ</em></strong></span> <span class='ocrx_word' id='word_1_152' title='bbox 1281 1233 1368 1288; x_wconf 79' lang='grc' dir='ltr'><strong><em>ἅμα</em></strong></span> <span class='ocrx_word' id='word_1_153' title='bbox 1403 1238 1532 1277; x_wconf 75' lang='grc' dir='ltr'><strong><em>ταῦτα</em></strong></span> <span class='ocrx_word' id='word_1_154' title='bbox 1565 1235 1688 1289; x_wconf 82' lang='grc' dir='ltr'><strong><em>λέγων</em></strong></span> 
     </span>
     <span class='ocr_line' id='line_1_18' title="bbox 240 1300 1688 1361; baseline -0.003 -14"><span class='ocrx_word' id='word_1_155' title='bbox 240 1305 369 1361; x_wconf 79' lang='grc' dir='ltr'><strong><em>ἐπῄει,</em></strong></span> <span class='ocrx_word' id='word_1_156' title='bbox 400 1307 467 1346; x_wconf 84' lang='grc' dir='ltr'><strong><em>καὶ</em></strong></span> <span class='ocrx_word' id='word_1_157' title='bbox 500 1304 627 1361; x_wconf 76' lang='grc' dir='ltr'><strong><em>εὖριὺν</em></strong></span> <span class='ocrx_word' id='word_1_158' title='bbox 658 1305 714 1347; x_wconf 68' lang='grc' dir='ltr'><strong><em>ἔτι</em></strong></span> <span class='ocrx_word' id='word_1_159' title='bbox 743 1312 826 1355; x_wconf 80' lang='grc' dir='ltr'><strong><em>τοῖς</em></strong></span> <span class='ocrx_word' id='word_1_160' title='bbox 854 1304 1121 1347; x_wconf 74' lang='grc' dir='ltr'><strong><em>καθεύδουσιν</em></strong></span> <span class='ocrx_word' id='word_1_161' title='bbox 1146 1303 1390 1358; x_wconf 73' lang='grc' dir='ltr'><strong><em>ἐγκειμένους</em></strong></span> <span class='ocrx_word' id='word_1_162' title='bbox 1414 1303 1564 1356; x_wconf 81' lang='grc' dir='ltr'><strong><em>ἐπῆλθε</em></strong></span> <span class='ocrx_word' id='word_1_163' title='bbox 1585 1300 1688 1355; x_wconf 75' lang='grc' dir='ltr'><strong><em>μετὰ</em></strong></span> 
     </span>
     <span class='ocr_line' id='line_1_19' title="bbox 238 1368 1687 1428; baseline -0.003 -13"><span class='ocrx_word' id='word_1_164' title='bbox 238 1373 370 1428; x_wconf 81' lang='grc' dir='ltr'><strong><em>πάσης</em></strong></span> <span class='ocrx_word' id='word_1_165' title='bbox 392 1372 580 1428; x_wconf 80' lang='grc' dir='ltr'><strong><em>ὀξύτητος</em></strong></span> <span class='ocrx_word' id='word_1_166' title='bbox 593 1406 604 1424; x_wconf 87' lang='grc'>,</span> <span class='ocrx_word' id='word_1_167' title='bbox 640 1375 706 1414; x_wconf 82' lang='grc' dir='ltr'><strong><em>καὶ</em></strong></span> <span class='ocrx_word' id='word_1_168' title='bbox 733 1371 949 1422; x_wconf 82' lang='grc' dir='ltr'><strong><em>τοσούτους</em></strong></span> <span class='ocrx_word' id='word_1_169' title='bbox 976 1372 1123 1414; x_wconf 81' lang='grc' dir='ltr'><strong><em>ἀνειλεν</em></strong></span> <span class='ocrx_word' id='word_1_170' title='bbox 1148 1370 1247 1414; x_wconf 79' lang='grc' dir='ltr'><strong><em>ὥστε</em></strong></span> <span class='ocrx_word' id='word_1_171' title='bbox 1267 1369 1293 1425; x_wconf 79' lang='grc' dir='ltr'><strong><em>ἢ</em></strong></span> <span class='ocrx_word' id='word_1_172' title='bbox 1314 1371 1456 1412; x_wconf 78' lang='grc' dir='ltr'><strong><em>οὐδένα</em></strong></span> <span class='ocrx_word' id='word_1_173' title='bbox 1476 1370 1503 1424; x_wconf 80' lang='grc' dir='ltr'><strong><em>ἢ</em></strong></span> <span class='ocrx_word' id='word_1_174' title='bbox 1523 1368 1687 1427; x_wconf 75' lang='grc' dir='ltr'><strong><em>σᾳόδρα</em></strong></span> 
     </span>
     <span class='ocr_line' id='line_1_20' title="bbox 237 1439 1231 1497; baseline -0.003 -14"><span class='ocrx_word' id='word_1_175' title='bbox 237 1441 394 1497; x_wconf 79' lang='grc' dir='ltr'><strong><em>ὀλίγους</em></strong></span> <span class='ocrx_word' id='word_1_176' title='bbox 414 1443 469 1490; x_wconf 79' lang='grc' dir='ltr'><strong><em>εἷς</em></strong></span> <span class='ocrx_word' id='word_1_177' title='bbox 485 1442 535 1483; x_wconf 84' lang='grc' dir='ltr'><strong><em>τὰ</em></strong></span> <span class='ocrx_word' id='word_1_178' title='bbox 554 1443 622 1495; x_wconf 70' lang='grc' dir='ltr'><strong><em>ἕλη</em></strong></span> <span class='ocrx_word' id='word_1_179' title='bbox 639 1439 924 1497; x_wconf 76' lang='grc' dir='ltr'><strong><em>συμφυγόντας</em></strong></span> <span class='ocrx_word' id='word_1_180' title='bbox 945 1443 1231 1496; x_wconf 72' lang='grc' dir='ltr'><strong><em>περισωθῆναι.</em></strong></span> 
     </span>
    </p>

    <p class='ocr_par' dir='ltr' id='par_1_3' title="bbox 233 1502 1742 1837">
     <span class='ocr_line' id='line_1_21' title="bbox 374 1502 1742 1563; baseline -0.004 -11"><span class='ocrx_word' id='word_1_181' title='bbox 374 1510 451 1552; x_wconf 85' lang='grc'><strong><em>50.</em></strong></span> <span class='ocrx_word' id='word_1_182' title='bbox 523 1510 589 1550; x_wconf 81' lang='grc' dir='ltr'><strong><em>Τὰ</em></strong></span> <span class='ocrx_word' id='word_1_183' title='bbox 609 1510 682 1563; x_wconf 76' lang='grc' dir='ltr'><strong><em>μὲν</em></strong></span> <span class='ocrx_word' id='word_1_184' title='bbox 703 1504 773 1550; x_wconf 68' lang='grc' dir='ltr'><strong><em>οὖν</em></strong></span> <span class='ocrx_word' id='word_1_185' title='bbox 796 1509 1079 1562; x_wconf 82' lang='grc' dir='ltr'><strong><em>συνενεχθέντα</em></strong></span> <span class='ocrx_word' id='word_1_186' title='bbox 1109 1512 1166 1563; x_wconf 74' lang='grc' dir='ltr'><strong><em>τῷ</em></strong></span> <span class='ocrx_word' id='word_1_187' title='bbox 1182 1510 1346 1560; x_wconf 83' lang='grc' dir='ltr'><strong><em>βασιλεῖ’</em></strong></span> <span class='ocrx_word' id='word_1_188' title='bbox 1362 1504 1566 1560; x_wconf 79' lang='grc' dir='ltr'><strong><em>Θεοδοσίῳ</em></strong></span> <span class='ocrx_word' id='word_1_189' title='bbox 1584 1502 1742 1557; x_wconf 73' lang='grc' dir='ltr'><strong><em>μετὰΞΟ</em></strong></span> 
     </span>
     <span class='ocr_line' id='line_1_22' title="bbox 235 1567 1688 1632; baseline -0.005 -14"><span class='ocrx_word' id='word_1_190' title='bbox 235 1576 309 1629; x_wconf 81' lang='grc' dir='ltr'><strong><em>τὴν</em></strong></span> <span class='ocrx_word' id='word_1_191' title='bbox 342 1578 541 1630; x_wconf 80' lang='grc' dir='ltr'><strong><em>Μαξίμου</em></strong></span> <span class='ocrx_word' id='word_1_192' title='bbox 578 1578 814 1632; x_wconf 82' lang='grc' dir='ltr'><strong><em>καθαίρεσιν</em></strong></span> <span class='ocrx_word' id='word_1_193' title='bbox 843 1574 1039 1618; x_wconf 73' lang='grc' dir='ltr'><strong><em>ἐπανιόντι</em></strong></span> <span class='ocrx_word' id='word_1_194' title='bbox 1067 1573 1200 1618; x_wconf 79' lang='grc' dir='ltr'><strong><em>τοιάδε</em></strong></span> <span class='ocrx_word' id='word_1_195' title='bbox 1233 1591 1318 1623; x_wconf 85' lang='grc' dir='ltr'><strong><em>πως</em></strong></span> <span class='ocrx_word' id='word_1_196' title='bbox 1350 1567 1421 1627; x_wconf 78' lang='grc' dir='ltr'><strong><em>ἦν·</em></strong></span> <span class='ocrx_word' id='word_1_197' title='bbox 1459 1575 1513 1621; x_wconf 76' lang='grc' dir='ltr'><strong><em>εἷς</em></strong></span> <span class='ocrx_word' id='word_1_198' title='bbox 1542 1571 1585 1613; x_wconf 75' lang='grc' dir='ltr'><strong><em>δὲ</em></strong></span> <span class='ocrx_word' id='word_1_199' title='bbox 1615 1570 1688 1625; x_wconf 81' lang='grc' dir='ltr'><strong><em>τὴν</em></strong></span> 
     </span>
     <span class='ocr_line' id='line_1_23' title="bbox 235 1640 1687 1700; baseline -0.005 -14"><span class='ocrx_word' id='word_1_200' title='bbox 235 1643 658 1687; x_wconf 76' lang='grc' dir='ltr'><strong><em>Κωνσταντιιόὗπολιν</em></strong></span> <span class='ocrx_word' id='word_1_201' title='bbox 675 1645 906 1686; x_wconf 74' lang='grc' dir='ltr'><strong><em>ἐπανελθών</em></strong></span> <span class='ocrx_word' id='word_1_202' title='bbox 922 1646 985 1686; x_wconf 82' lang='grc' dir='ltr'><strong><em>ἐπὶ</em></strong></span> <span class='ocrx_word' id='word_1_203' title='bbox 1001 1644 1074 1697; x_wconf 73' lang='grc' dir='ltr'><strong><em>μὲν</em></strong></span> <span class='ocrx_word' id='word_1_204' title='bbox 1094 1647 1150 1700; x_wconf 76' lang='grc' dir='ltr'><strong><em>τῷ</em></strong></span> <span class='ocrx_word' id='word_1_205' title='bbox 1170 1642 1272 1684; x_wconf 84' lang='grc' dir='ltr'><strong><em>κατὰ</em></strong></span> <span class='ocrx_word' id='word_1_206' title='bbox 1293 1642 1491 1694; x_wconf 64' lang='grc' dir='ltr'><strong><em>ΖΙΙαξίμου</em></strong></span> <span class='ocrx_word' id='word_1_207' title='bbox 1508 1640 1687 1695; x_wconf 81' lang='grc' dir='ltr'><strong><em>τροπαίῳ</em></strong></span> 
     </span>
     <span class='ocr_line' id='line_1_24' title="bbox 233 1706 1686 1769; baseline -0.004 -15"><span class='ocrx_word' id='word_1_208' title='bbox 233 1714 336 1766; x_wconf 84' lang='grc' dir='ltr'><strong><em>μέγα</em></strong></span> <span class='ocrx_word' id='word_1_209' title='bbox 360 1711 541 1769; x_wconf 75' lang='grc' dir='ltr'><strong><em>ἐφρόνει,</em></strong></span> <span class='ocrx_word' id='word_1_210' title='bbox 577 1720 660 1763; x_wconf 77' lang='grc' dir='ltr'><strong><em>τοῖς</em></strong></span> <span class='ocrx_word' id='word_1_211' title='bbox 686 1714 728 1754; x_wconf 79' lang='grc' dir='ltr'><strong><em>δὲ</em></strong></span> <span class='ocrx_word' id='word_1_212' title='bbox 744 1711 822 1753; x_wconf 68' lang='grc' dir='ltr'><strong><em>ὑπὸ</em></strong></span> <span class='ocrx_word' id='word_1_213' title='bbox 844 1717 923 1754; x_wconf 73' lang='grc' dir='ltr'><strong><em>τῶν</em></strong></span> <span class='ocrx_word' id='word_1_214' title='bbox 946 1714 986 1754; x_wconf 88' lang='grc' dir='ltr'><strong><em>ἐν</em></strong></span> <span class='ocrx_word' id='word_1_215' title='bbox 1007 1718 1091 1761; x_wconf 81' lang='grc' dir='ltr'><strong><em>τοῖς</em></strong></span> <span class='ocrx_word' id='word_1_216' title='bbox 1111 1712 1278 1764; x_wconf 80' lang='grc' dir='ltr'><strong><em>τέλμασι</em></strong></span> <span class='ocrx_word' id='word_1_217' title='bbox 1296 1706 1519 1764; x_wconf 70' lang='grc' dir='ltr'><strong><em>βαρβάρων</em></strong></span> <span class='ocrx_word' id='word_1_218' title='bbox 1537 1709 1593 1757; x_wconf 78' lang='grc' dir='ltr'><strong><em>εἷς</em></strong></span> <span class='ocrx_word' id='word_1_219' title='bbox 1610 1706 1686 1748; x_wconf 81' lang='grc' dir='ltr'><strong><em>αὖ-</em></strong></span> 
     </span>
     <span class='ocr_line' id='line_1_25' title="bbox 234 1775 1688 1837; baseline -0.006 -13"><span class='ocrx_word' id='word_1_220' title='bbox 234 1779 305 1824; x_wconf 80' lang='grc' dir='ltr'><strong><em>τόν</em></strong></span> <span class='ocrx_word' id='word_1_221' title='bbox 330 1799 370 1823; x_wconf 89' lang='grc' dir='ltr'><strong><em>τε</em></strong></span> <span class='ocrx_word' id='word_1_222' title='bbox 396 1782 462 1823; x_wconf 82' lang='grc' dir='ltr'><strong><em>καὶ</em></strong></span> <span class='ocrx_word' id='word_1_223' title='bbox 479 1781 524 1823; x_wconf 86' lang='grc' dir='ltr'><strong><em>τὸ</em></strong></span> <span class='ocrx_word' id='word_1_224' title='bbox 547 1779 818 1837; x_wconf 86' lang='grc' dir='ltr'><strong><em>στρατόπεδον</em></strong></span> <span class='ocrx_word' id='word_1_225' title='bbox 836 1780 944 1822; x_wconf 77' lang='grc' dir='ltr'><strong><em>ἅπαν</em></strong></span> <span class='ocrx_word' id='word_1_226' title='bbox 971 1777 1147 1836; x_wconf 87' lang='grc' dir='ltr'><strong><em>γεγονόσι</em></strong></span> <span class='ocrx_word' id='word_1_227' title='bbox 1165 1777 1477 1831; x_wconf 87' lang='grc' dir='ltr'><strong><em>συνεσταλμένος</em></strong></span> <span class='ocrx_word' id='word_1_228' title='bbox 1500 1775 1688 1829; x_wconf 87' lang='grc' dir='ltr'><strong><em>πολέμοις</em></strong></span> 
     </span>
    </p>
   </div>
   <div class='ocr_carea' id='block_1_3' title="bbox 236 1928 1741 2793">
    <p class='ocr_par' dir='ltr' id='par_1_4' title="bbox 236 1928 1688 2613">
     <span class='ocr_line' id='line_1_26' title="bbox 236 1928 1687 1978; baseline -0.004 -12"><span class='ocrx_word' id='word_1_229' title='bbox 236 1935 376 1978; x_wconf 87' lang='lat' dir='ltr'><strong>perator</strong></span> <span class='ocrx_word' id='word_1_230' title='bbox 391 1932 582 1973; x_wconf 78' lang='lat' dir='ltr'>annuisset,</span> <span class='ocrx_word' id='word_1_231' title='bbox 606 1932 703 1975; x_wconf 83' lang='lat' dir='ltr'><strong>signo</strong></span> <span class='ocrx_word' id='word_1_232' title='bbox 721 1933 803 1966; x_wconf 80' lang='lat' dir='ltr'><strong>tuba</strong></span> <span class='ocrx_word' id='word_1_233' title='bbox 826 1931 979 1977; x_wconf 87' lang='lat' dir='ltr'><strong>receptui</strong></span> <span class='ocrx_word' id='word_1_234' title='bbox 995 1931 1074 1964; x_wconf 82' lang='lat' dir='ltr'><strong>dato</strong></span> <span class='ocrx_word' id='word_1_235' title='bbox 1091 1931 1209 1964; x_wconf 75' lang='lat' dir='ltr'><strong>milites</strong></span> <span class='ocrx_word' id='word_1_236' title='bbox 1228 1930 1271 1963; x_wconf 77' lang='lat' dir='ltr'><strong><em>ab</em></strong></span> <span class='ocrx_word' id='word_1_237' title='bbox 1287 1940 1390 1973; x_wconf 86' lang='lat' dir='ltr'><strong>opere</strong></span> <span class='ocrx_word' id='word_1_238' title='bbox 1403 1928 1687 1971; x_wconf 84' lang='lat' dir='ltr'><strong>barbarorumque</strong></span> 
     </span>
     <span class='ocr_line' id='line_1_27' title="bbox 236 1973 1685 2024; baseline -0.003 -14"><span class='ocrx_word' id='word_1_239' title='bbox 236 1978 472 2024; x_wconf 84' lang='lat' dir='ltr'><strong>persecutione</strong></span> <span class='ocrx_word' id='word_1_240' title='bbox 487 1978 661 2011; x_wconf 81' lang='lat' dir='ltr'><strong>desistunt.</strong></span> <span class='ocrx_word' id='word_1_241' title='bbox 710 1990 875 2011; x_wconf 81' lang='lat' dir='ltr'><strong>secessum</strong></span> <span class='ocrx_word' id='word_1_242' title='bbox 900 1978 940 2010; x_wconf 88' lang='lat' dir='ltr'><strong><em>ad</em></strong></span> <span class='ocrx_word' id='word_1_243' title='bbox 969 1978 1106 2021; x_wconf 77' lang='lat' dir='ltr'><strong>epulas3</strong></span> <span class='ocrx_word' id='word_1_244' title='bbox 1131 1975 1251 2020; x_wconf 81' lang='lat' dir='ltr'><strong>quibus</strong></span> <span class='ocrx_word' id='word_1_245' title='bbox 1276 1974 1400 2016; x_wconf 77' lang='lat' dir='ltr'><strong>satiati,</strong></span> <span class='ocrx_word' id='word_1_246' title='bbox 1423 1974 1554 2017; x_wconf 80' lang='lat' dir='ltr'><strong>iamque</strong></span> <span class='ocrx_word' id='word_1_247' title='bbox 1569 1984 1590 2005; x_wconf 82' lang='lat' dir='ltr'>a</span> <span class='ocrx_word' id='word_1_248' title='bbox 1605 1973 1685 2006; x_wconf 86' lang='lat' dir='ltr'><strong>vino</strong></span> 
     </span>
     <span class='ocr_line' id='line_1_28' title="bbox 238 2018 1685 2067; baseline -0.005 -10"><span class='ocrx_word' id='word_1_249' title='bbox 238 2028 276 2057; x_wconf 87' lang='lat' dir='ltr'><strong><em>et</em></strong></span> <span class='ocrx_word' id='word_1_250' title='bbox 290 2024 406 2056; x_wconf 84' lang='lat' dir='ltr'><strong>labore</strong></span> <span class='ocrx_word' id='word_1_251' title='bbox 421 2022 522 2064; x_wconf 84' lang='lat' dir='ltr'><strong>victi,</strong></span> <span class='ocrx_word' id='word_1_252' title='bbox 547 2023 649 2056; x_wconf 88' lang='lat' dir='ltr'><strong>altum</strong></span> <span class='ocrx_word' id='word_1_253' title='bbox 675 2023 774 2067; x_wconf 83' lang='lat' dir='ltr'><strong>plane</strong></span> <span class='ocrx_word' id='word_1_254' title='bbox 790 2023 974 2064; x_wconf 79' lang='lat' dir='ltr'><strong>dormiunt3</strong></span> <span class='ocrx_word' id='word_1_255' title='bbox 1000 2034 1065 2067; x_wconf 89' lang='lat' dir='ltr'><strong><em>qno</em></strong></span> <span class='ocrx_word' id='word_1_256' title='bbox 1085 2021 1220 2055; x_wconf 81' lang='lat' dir='ltr'><strong>barbari</strong></span> <span class='ocrx_word' id='word_1_257' title='bbox 1234 2018 1435 2064; x_wconf 79' lang='lat' dir='ltr'><strong>superstites</strong></span> <span class='ocrx_word' id='word_1_258' title='bbox 1451 2018 1685 2051; x_wconf 81' lang='lat' dir='ltr'><strong>animadverso</strong></span> 
     </span>
     <span class='ocr_line' id='line_1_29' title="bbox 239 2063 1688 2112; baseline -0.004 -11"><span class='ocrx_word' id='word_1_259' title='bbox 239 2080 332 2104; x_wconf 80' lang='lat' dir='ltr'><strong>arma</strong></span> <span class='ocrx_word' id='word_1_260' title='bbox 357 2068 509 2111; x_wconf 69' lang='lat' dir='ltr'><strong>capiunt,</strong></span> <span class='ocrx_word' id='word_1_261' title='bbox 533 2072 569 2100; x_wconf 87' lang='lat' dir='ltr'><strong><em>et</em></strong></span> <span class='ocrx_word' id='word_1_262' title='bbox 591 2075 773 2112; x_wconf 83' lang='lat' dir='ltr'><strong>occupatos</strong></span> <span class='ocrx_word' id='word_1_263' title='bbox 797 2079 816 2101; x_wconf 79' lang='lat' dir='ltr'><strong>a</strong></span> <span class='ocrx_word' id='word_1_264' title='bbox 837 2080 952 2101; x_wconf 86' lang='lat' dir='ltr'><strong>somno</strong></span> <span class='ocrx_word' id='word_1_265' title='bbox 975 2066 1236 2110; x_wconf 81' lang='lat' dir='ltr'><strong>temulentiaque</strong></span> <span class='ocrx_word' id='word_1_266' title='bbox 1261 2063 1374 2098; x_wconf 81' lang='lat' dir='ltr'><strong>adorti</strong></span> <span class='ocrx_word' id='word_1_267' title='bbox 1392 2063 1514 2096; x_wconf 82' lang='lat' dir='ltr'><strong>milites</strong></span> <span class='ocrx_word' id='word_1_268' title='bbox 1532 2063 1636 2096; x_wconf 74' lang='lat' dir='ltr'><strong>hastis</strong></span> <span class='ocrx_word' id='word_1_269' title='bbox 1651 2067 1688 2096; x_wconf 82' lang='lat' dir='ltr'><strong><em>et</em></strong></span> 
     </span>
     <span class='ocr_line' id='line_1_30' title="bbox 238 2109 1687 2158; baseline -0.003 -12"><span class='ocrx_word' id='word_1_270' title='bbox 238 2114 357 2158; x_wconf 78' lang='lat' dir='ltr'>gladiis</span> <span class='ocrx_word' id='word_1_271' title='bbox 374 2119 408 2146; x_wconf 82' lang='lat' dir='ltr'><strong><em>et</em></strong></span> <span class='ocrx_word' id='word_1_272' title='bbox 422 2114 641 2146; x_wconf 81' lang='lat' dir='ltr'><strong>instrumento</strong></span> <span class='ocrx_word' id='word_1_273' title='bbox 666 2114 786 2156; x_wconf 87' lang='lat' dir='ltr'><strong>quovis</strong></span> <span class='ocrx_word' id='word_1_274' title='bbox 810 2114 852 2146; x_wconf 83' lang='lat' dir='ltr'><strong><em>ad</em></strong></span> <span class='ocrx_word' id='word_1_275' title='bbox 874 2113 1011 2146; x_wconf 82' lang='lat' dir='ltr'><strong>caedem</strong></span> <span class='ocrx_word' id='word_1_276' title='bbox 1027 2113 1146 2146; x_wconf 88' lang='lat' dir='ltr'><strong>idoneo</strong></span> <span class='ocrx_word' id='word_1_277' title='bbox 1169 2110 1374 2144; x_wconf 78' lang='lat' dir='ltr'><strong>confodiunt.</strong></span> <span class='ocrx_word' id='word_1_278' title='bbox 1419 2109 1687 2152; x_wconf 75' lang='lat' dir='ltr'><strong>interfectusque</strong></span> 
     </span>
     <span class='ocr_line' id='line_1_31' title="bbox 241 2153 1685 2203; baseline -0.005 -11"><span class='ocrx_word' id='word_1_279' title='bbox 241 2171 315 2192; x_wconf 88' lang='lat' dir='ltr'><strong><em>cum</em></strong></span> <span class='ocrx_word' id='word_1_280' title='bbox 332 2157 437 2202; x_wconf 75' lang='lat' dir='ltr'><strong>copiis</strong></span> <span class='ocrx_word' id='word_1_281' title='bbox 448 2158 612 2191; x_wconf 85' lang='lat' dir='ltr'><strong>universis</strong></span> <span class='ocrx_word' id='word_1_282' title='bbox 627 2158 746 2192; x_wconf 73' lang='lat' dir='ltr'><strong>fuisset</strong></span> <span class='ocrx_word' id='word_1_283' title='bbox 762 2163 796 2190; x_wconf 87' lang='lat' dir='ltr'><strong><em>et</em></strong></span> <span class='ocrx_word' id='word_1_284' title='bbox 810 2158 883 2202; x_wconf 88' lang='lat' dir='ltr'><strong>ipse</strong></span> <span class='ocrx_word' id='word_1_285' title='bbox 899 2158 1066 2203; x_wconf 81' lang='lat' dir='ltr'><strong>princeps,</strong></span> <span class='ocrx_word' id='word_1_286' title='bbox 1080 2158 1109 2191; x_wconf 89' lang='lat' dir='ltr'><strong><em>si</em></strong></span> <span class='ocrx_word' id='word_1_287' title='bbox 1122 2168 1186 2190; x_wconf 90' lang='lat' dir='ltr'><strong><em>non</em></strong></span> <span class='ocrx_word' id='word_1_288' title='bbox 1201 2168 1242 2189; x_wconf 85' lang='lat' dir='ltr'><strong><em>ex</em></strong></span> <span class='ocrx_word' id='word_1_289' title='bbox 1257 2155 1297 2188; x_wconf 86' lang='lat' dir='ltr'><strong><em>iis</em></strong></span> <span class='ocrx_word' id='word_1_290' title='bbox 1311 2154 1456 2200; x_wconf 77' lang='lat' dir='ltr'><strong>quidam,</strong></span> <span class='ocrx_word' id='word_1_291' title='bbox 1472 2155 1531 2199; x_wconf 82' lang='lat' dir='ltr'><strong><em>qui</em></strong></span> <span class='ocrx_word' id='word_1_292' title='bbox 1546 2153 1685 2186; x_wconf 76' lang='lat' dir='ltr'><strong>necdum</strong></span> 
     </span>
     <span class='ocr_line' id='line_1_32' title="bbox 240 2198 1687 2251; baseline -0.004 -14"><span class='ocrx_word' id='word_1_293' title='bbox 240 2204 354 2251; x_wconf 88' lang='lat' dir='ltr'><strong>pransi</strong></span> <span class='ocrx_word' id='word_1_294' title='bbox 379 2204 533 2245; x_wconf 81' lang='lat' dir='ltr'><strong>fuerant,</strong></span> <span class='ocrx_word' id='word_1_295' title='bbox 558 2204 599 2236; x_wconf 80' lang='lat' dir='ltr'><strong><em>ad</em></strong></span> <span class='ocrx_word' id='word_1_296' title='bbox 626 2203 837 2248; x_wconf 81' lang='lat' dir='ltr'><strong>imperatoris</strong></span> <span class='ocrx_word' id='word_1_297' title='bbox 860 2204 1040 2237; x_wconf 80' lang='lat' dir='ltr'><strong>tentorium</strong></span> <span class='ocrx_word' id='word_1_298' title='bbox 1066 2202 1306 2238; x_wconf 74' lang='lat' dir='ltr'><strong>accurrissent,</strong></span> <span class='ocrx_word' id='word_1_299' title='bbox 1339 2204 1375 2233; x_wconf 80' lang='lat' dir='ltr'><strong><em>et</em></strong></span> <span class='ocrx_word' id='word_1_300' title='bbox 1397 2200 1488 2244; x_wconf 83' lang='lat' dir='ltr'><strong>quod</strong></span> <span class='ocrx_word' id='word_1_301' title='bbox 1516 2198 1687 2244; x_wconf 74' lang='lat' dir='ltr'><strong>acciderat</strong></span> 
     </span>
     <span class='ocr_line' id='line_1_33' title="bbox 241 2244 1686 2294; baseline -0.004 -11"><span class='ocrx_word' id='word_1_302' title='bbox 241 2250 451 2284; x_wconf 84' lang='lat' dir='ltr'><strong>nuntiassent</strong></span> <span class='ocrx_word' id='word_1_303' title='bbox 509 2249 722 2292; x_wconf 80' lang='lat' dir='ltr'><strong>quamobrem</strong></span> <span class='ocrx_word' id='word_1_304' title='bbox 736 2250 890 2282; x_wconf 87' lang='lat' dir='ltr'><strong>turbatus</strong></span> <span class='ocrx_word' id='word_1_305' title='bbox 907 2249 1098 2294; x_wconf 86' lang='lat' dir='ltr'><strong>imperator,</strong></span> <span class='ocrx_word' id='word_1_306' title='bbox 1117 2253 1152 2280; x_wconf 90' lang='lat' dir='ltr'><strong><em>et</em></strong></span> <span class='ocrx_word' id='word_1_307' title='bbox 1165 2247 1188 2280; x_wconf 89' lang='lat' dir='ltr'><strong><em>ii</em></strong></span> <span class='ocrx_word' id='word_1_308' title='bbox 1204 2257 1288 2291; x_wconf 84' lang='lat' dir='ltr'><strong>quos</strong></span> <span class='ocrx_word' id='word_1_309' title='bbox 1303 2256 1413 2279; x_wconf 86' lang='lat' dir='ltr'><strong>secum</strong></span> <span class='ocrx_word' id='word_1_310' title='bbox 1430 2245 1587 2287; x_wconf 76' lang='lat' dir='ltr'><strong>habebat,</strong></span> <span class='ocrx_word' id='word_1_311' title='bbox 1603 2244 1686 2287; x_wconf 75' lang='lat' dir='ltr'><strong>suga</strong></span> 
     </span>
     <span class='ocr_line' id='line_1_34' title="bbox 239 2289 1686 2340; baseline -0.004 -12"><span class='ocrx_word' id='word_1_312' title='bbox 239 2294 425 2340; x_wconf 85' lang='lat' dir='ltr'><strong>periculum</strong></span> <span class='ocrx_word' id='word_1_313' title='bbox 448 2293 619 2327; x_wconf 83' lang='lat' dir='ltr'><strong>imminens</strong></span> <span class='ocrx_word' id='word_1_314' title='bbox 642 2294 770 2327; x_wconf 85' lang='lat' dir='ltr'><strong>evitare</strong></span> <span class='ocrx_word' id='word_1_315' title='bbox 795 2299 958 2327; x_wconf 79' lang='lat' dir='ltr'><strong>statuunt.</strong></span> <span class='ocrx_word' id='word_1_316' title='bbox 1006 2295 1184 2328; x_wconf 81' lang='lat' dir='ltr'>Promotus</span> <span class='ocrx_word' id='word_1_317' title='bbox 1200 2296 1309 2325; x_wconf 79' lang='lat' dir='ltr'><strong>autem</strong></span> <span class='ocrx_word' id='word_1_318' title='bbox 1331 2290 1538 2333; x_wconf 82' lang='lat' dir='ltr'><strong>fugientibus</strong></span> <span class='ocrx_word' id='word_1_319' title='bbox 1552 2289 1686 2323; x_wconf 76' lang='lat' dir='ltr'><strong>obviam</strong></span> 
     </span>
     <span class='ocr_line' id='line_1_35' title="bbox 238 2335 1685 2384; baseline -0.005 -10"><span class='ocrx_word' id='word_1_320' title='bbox 238 2343 349 2375; x_wconf 85' lang='lat' dir='ltr'><strong>factus</strong></span> <span class='ocrx_word' id='word_1_321' title='bbox 366 2339 563 2382; x_wconf 83' lang='lat' dir='ltr'>(arcessitus</span> <span class='ocrx_word' id='word_1_322' title='bbox 579 2339 663 2372; x_wconf 91' lang='lat' dir='ltr'><strong>enim</strong></span> <span class='ocrx_word' id='word_1_323' title='bbox 679 2351 700 2373; x_wconf 81' lang='lat' dir='ltr'><strong>a</strong></span> <span class='ocrx_word' id='word_1_324' title='bbox 715 2338 864 2384; x_wconf 72' lang='lat' dir='ltr'><strong>principe</strong></span> <span class='ocrx_word' id='word_1_325' title='bbox 879 2339 1009 2382; x_wconf 85' lang='lat' dir='ltr'><strong>suerat)</strong></span> <span class='ocrx_word' id='word_1_326' title='bbox 1025 2340 1068 2372; x_wconf 92' lang='lat' dir='ltr'><strong><em>ab</em></strong></span> <span class='ocrx_word' id='word_1_327' title='bbox 1084 2339 1287 2382; x_wconf 82' lang='lat' dir='ltr'><strong>imperatore</strong></span> <span class='ocrx_word' id='word_1_328' title='bbox 1303 2336 1388 2380; x_wconf 88' lang='lat' dir='ltr'><strong>petit</strong></span> <span class='ocrx_word' id='word_1_329' title='bbox 1402 2340 1441 2368; x_wconf 88' lang='lat' dir='ltr'><strong>ut</strong></span> <span class='ocrx_word' id='word_1_330' title='bbox 1454 2335 1518 2368; x_wconf 85' lang='lat' dir='ltr'><strong>sibi</strong></span> <span class='ocrx_word' id='word_1_331' title='bbox 1532 2345 1685 2368; x_wconf 84' lang='lat' dir='ltr'><strong>suorum-</strong></span> 
     </span>
     <span class='ocr_line' id='line_1_36' title="bbox 238 2380 1683 2431; baseline -0.004 -13"><span class='ocrx_word' id='word_1_332' title='bbox 238 2398 307 2431; x_wconf 85' lang='lat' dir='ltr'><strong><em>que</em></strong></span> <span class='ocrx_word' id='word_1_333' title='bbox 330 2385 430 2418; x_wconf 79' lang='lat' dir='ltr'><strong>saluti</strong></span> <span class='ocrx_word' id='word_1_334' title='bbox 452 2384 661 2418; x_wconf 83' lang='lat' dir='ltr'><strong>consuleret:</strong></span> <span class='ocrx_word' id='word_1_335' title='bbox 685 2384 810 2428; x_wconf 82' lang='lat' dir='ltr'><strong>quippe</strong></span> <span class='ocrx_word' id='word_1_336' title='bbox 831 2385 991 2417; x_wconf 83' lang='lat' dir='ltr'><strong>barbaros</strong></span> <span class='ocrx_word' id='word_1_337' title='bbox 1009 2385 1074 2417; x_wconf 84' lang='lat' dir='ltr'><strong>sibi</strong></span> <span class='ocrx_word' id='word_1_338' title='bbox 1101 2395 1200 2417; x_wconf 79' lang='lat' dir='ltr'><strong>curae</strong></span> <span class='ocrx_word' id='word_1_339' title='bbox 1221 2383 1370 2421; x_wconf 78' lang='lat' dir='ltr'><strong>futuros,</strong></span> <span class='ocrx_word' id='word_1_340' title='bbox 1394 2380 1451 2425; x_wconf 88' lang='lat' dir='ltr'><strong><em>qui</em></strong></span> <span class='ocrx_word' id='word_1_341' title='bbox 1467 2380 1587 2414; x_wconf 85' lang='lat' dir='ltr'><strong>merito</strong></span> <span class='ocrx_word' id='word_1_342' title='bbox 1602 2390 1683 2412; x_wconf 76' lang='lat' dir='ltr'><strong>con·</strong></span> 
     </span>
     <span class='ocr_line' id='line_1_37' title="bbox 238 2425 1683 2474; baseline -0.005 -10"><span class='ocrx_word' id='word_1_343' title='bbox 238 2431 413 2464; x_wconf 77' lang='lat' dir='ltr'><strong>tumaciam</strong></span> <span class='ocrx_word' id='word_1_344' title='bbox 437 2430 585 2474; x_wconf 88' lang='lat' dir='ltr'><strong>ipsorum</strong></span> <span class='ocrx_word' id='word_1_345' title='bbox 609 2429 771 2474; x_wconf 87' lang='lat' dir='ltr'><strong>supplicio</strong></span> <span class='ocrx_word' id='word_1_346' title='bbox 797 2430 1021 2472; x_wconf 81' lang='lat' dir='ltr'><strong>castigaturus</strong></span> <span class='ocrx_word' id='word_1_347' title='bbox 1040 2434 1139 2462; x_wconf 85' lang='lat' dir='ltr'><strong>esset.</strong></span> <span class='ocrx_word' id='word_1_348' title='bbox 1184 2427 1279 2460; x_wconf 84' lang='lat' dir='ltr'><strong>simul</strong></span> <span class='ocrx_word' id='word_1_349' title='bbox 1294 2427 1377 2459; x_wconf 79' lang='lat' dir='ltr'><strong>haec</strong></span> <span class='ocrx_word' id='word_1_350' title='bbox 1392 2425 1507 2458; x_wconf 83' lang='lat' dir='ltr'><strong>dicens</strong></span> <span class='ocrx_word' id='word_1_351' title='bbox 1520 2425 1683 2458; x_wconf 72' lang='lat' dir='ltr'><strong>barbaros</strong></span> 
     </span>
     <span class='ocr_line' id='line_1_38' title="bbox 237 2469 1682 2520; baseline -0.005 -11"><span class='ocrx_word' id='word_1_352' title='bbox 237 2477 379 2519; x_wconf 84' lang='lat' dir='ltr'><strong>invadit.</strong></span> <span class='ocrx_word' id='word_1_353' title='bbox 438 2487 579 2519; x_wconf 89' lang='lat' dir='ltr'><strong>cumque</strong></span> <span class='ocrx_word' id='word_1_354' title='bbox 592 2474 798 2520; x_wconf 84' lang='lat' dir='ltr'><strong>repperisset</strong></span> <span class='ocrx_word' id='word_1_355' title='bbox 810 2474 844 2506; x_wconf 92' lang='lat' dir='ltr'><strong><em>in</em></strong></span> <span class='ocrx_word' id='word_1_356' title='bbox 861 2474 992 2508; x_wconf 87' lang='lat' dir='ltr'><strong>militem</strong></span> <span class='ocrx_word' id='word_1_357' title='bbox 1010 2475 1119 2507; x_wconf 87' lang='lat' dir='ltr'><strong>adhuc</strong></span> <span class='ocrx_word' id='word_1_358' title='bbox 1137 2472 1351 2506; x_wconf 87' lang='lat' dir='ltr'><strong>dormientem</strong></span> <span class='ocrx_word' id='word_1_359' title='bbox 1366 2471 1550 2511; x_wconf 83' lang='lat' dir='ltr'><strong>irruentes,</strong></span> <span class='ocrx_word' id='word_1_360' title='bbox 1580 2469 1682 2502; x_wconf 75' lang='lat' dir='ltr'><strong>ador-</strong></span> 
     </span>
     <span class='ocr_line' id='line_1_39' title="bbox 237 2514 1682 2566; baseline -0.005 -12"><span class='ocrx_word' id='word_1_361' title='bbox 237 2527 293 2555; x_wconf 86' lang='lat' dir='ltr'><strong>tus</strong></span> <span class='ocrx_word' id='word_1_362' title='bbox 319 2526 372 2555; x_wconf 82' lang='lat' dir='ltr'><strong><em>est</em></strong></span> <span class='ocrx_word' id='word_1_363' title='bbox 398 2533 458 2554; x_wconf 88' lang='lat' dir='ltr'><strong><em>eos</em></strong></span> <span class='ocrx_word' id='word_1_364' title='bbox 483 2521 611 2566; x_wconf 87' lang='lat' dir='ltr'><strong>impetu</strong></span> <span class='ocrx_word' id='word_1_365' title='bbox 626 2519 853 2562; x_wconf 76' lang='lat' dir='ltr'><strong>velocissimo,</strong></span> <span class='ocrx_word' id='word_1_366' title='bbox 877 2524 913 2553; x_wconf 85' lang='lat' dir='ltr'><strong><em>et</em></strong></span> <span class='ocrx_word' id='word_1_367' title='bbox 936 2524 985 2552; x_wconf 82' lang='lat' dir='ltr'><strong><em>tot</em></strong></span> <span class='ocrx_word' id='word_1_368' title='bbox 1011 2518 1179 2552; x_wconf 86' lang='lat' dir='ltr'><strong>interemit</strong></span> <span class='ocrx_word' id='word_1_369' title='bbox 1200 2522 1238 2551; x_wconf 86' lang='lat' dir='ltr'><strong>ut</strong></span> <span class='ocrx_word' id='word_1_370' title='bbox 1255 2516 1310 2550; x_wconf 91' lang='lat' dir='ltr'><strong><em>vel</em></strong></span> <span class='ocrx_word' id='word_1_371' title='bbox 1324 2527 1419 2549; x_wconf 89' lang='lat' dir='ltr'><strong>nemo</strong></span> <span class='ocrx_word' id='word_1_372' title='bbox 1435 2516 1491 2550; x_wconf 85' lang='lat' dir='ltr'><strong><em>vel</em></strong></span> <span class='ocrx_word' id='word_1_373' title='bbox 1506 2514 1682 2549; x_wconf 81' lang='lat' dir='ltr'><strong>admodum</strong></span> 
     </span>
     <span class='ocr_line' id='line_1_40' title="bbox 239 2561 1441 2613; baseline -0.006 -13"><span class='ocrx_word' id='word_1_374' title='bbox 239 2567 348 2613; x_wconf 82' lang='lat' dir='ltr'><strong>pauci,</strong></span> <span class='ocrx_word' id='word_1_375' title='bbox 373 2567 428 2610; x_wconf 91' lang='lat' dir='ltr'><strong><em>qui</em></strong></span> <span class='ocrx_word' id='word_1_376' title='bbox 445 2578 482 2600; x_wconf 85' lang='lat' dir='ltr'><strong><em>se</em></strong></span> <span class='ocrx_word' id='word_1_377' title='bbox 499 2577 613 2600; x_wconf 89' lang='lat' dir='ltr'><strong>rursus</strong></span> <span class='ocrx_word' id='word_1_378' title='bbox 627 2566 660 2599; x_wconf 87' lang='lat' dir='ltr'><strong><em>in</em></strong></span> <span class='ocrx_word' id='word_1_379' title='bbox 676 2565 814 2610; x_wconf 80' lang='lat' dir='ltr'><strong>paludes</strong></span> <span class='ocrx_word' id='word_1_380' title='bbox 827 2568 1047 2609; x_wconf 88' lang='lat' dir='ltr'><strong>receperunt,</strong></span> <span class='ocrx_word' id='word_1_381' title='bbox 1071 2564 1249 2600; x_wconf 86' lang='lat' dir='ltr'><strong>incolumes</strong></span> <span class='ocrx_word' id='word_1_382' title='bbox 1263 2561 1441 2594; x_wconf 65' lang='lat' dir='ltr'><strong>evaserint„</strong></span> 
     </span>
    </p>

    <p class='ocr_par' dir='ltr' id='par_1_5' title="bbox 237 2605 1741 2793">
     <span class='ocr_line' id='line_1_41' title="bbox 329 2605 1741 2655; baseline -0.007 -9"><span class='ocrx_word' id='word_1_383' title='bbox 329 2613 386 2646; x_wconf 87' lang='lat'><strong><em>50.</em></strong></span> <span class='ocrx_word' id='word_1_384' title='bbox 433 2612 532 2652; x_wconf 80' lang='lat' dir='ltr'><strong>Quae</strong></span> <span class='ocrx_word' id='word_1_385' title='bbox 555 2611 660 2654; x_wconf 83' lang='lat' dir='ltr'><strong>igitur</strong></span> <span class='ocrx_word' id='word_1_386' title='bbox 684 2610 876 2655; x_wconf 82' lang='lat' dir='ltr'><strong>imperatori</strong></span> <span class='ocrx_word' id='word_1_387' title='bbox 903 2609 1095 2642; x_wconf 90' lang='lat' dir='ltr'><strong>Theodosio</strong></span> <span class='ocrx_word' id='word_1_388' title='bbox 1131 2608 1302 2651; x_wconf 84' lang='lat' dir='ltr'><strong>contigere</strong></span> <span class='ocrx_word' id='word_1_389' title='bbox 1332 2610 1412 2651; x_wconf 81' lang='lat' dir='ltr'><strong>post</strong></span> <span class='ocrx_word' id='word_1_390' title='bbox 1443 2605 1682 2648; x_wconf 81' lang='lat' dir='ltr'><strong>interemptum</strong></span> <span class='ocrx_word' id='word_1_391' title='bbox 1738 2643 1741 2646; x_wconf 18' lang='grc' dir='ltr'><em>Δ</em></span> 
     </span>
     <span class='ocr_line' id='line_1_42' title="bbox 237 2650 1741 2698; baseline -0.006 -7"><span class='ocrx_word' id='word_1_392' title='bbox 237 2657 419 2691; x_wconf 81' lang='lat' dir='ltr'><strong>Maximum</strong></span> <span class='ocrx_word' id='word_1_393' title='bbox 439 2657 614 2698; x_wconf 86' lang='lat' dir='ltr'><strong>redeunti,</strong></span> <span class='ocrx_word' id='word_1_394' title='bbox 637 2656 719 2690; x_wconf 81' lang='lat' dir='ltr'><strong>talia</strong></span> <span class='ocrx_word' id='word_1_395' title='bbox 742 2656 818 2689; x_wconf 87' lang='lat' dir='ltr'><strong>fere</strong></span> <span class='ocrx_word' id='word_1_396' title='bbox 839 2656 986 2688; x_wconf 81' lang='lat' dir='ltr'><strong>fuerunt.</strong></span> <span class='ocrx_word' id='word_1_397' title='bbox 1031 2664 1189 2687; x_wconf 84' lang='lat' dir='ltr'><strong>reversus</strong></span> <span class='ocrx_word' id='word_1_398' title='bbox 1212 2657 1324 2685; x_wconf 77' lang='lat' dir='ltr'><strong>autem</strong></span> <span class='ocrx_word' id='word_1_399' title='bbox 1344 2650 1475 2694; x_wconf 83' lang='lat' dir='ltr'><strong>cpolim</strong></span> <span class='ocrx_word' id='word_1_400' title='bbox 1490 2650 1534 2683; x_wconf 88' lang='lat' dir='ltr'><strong><em>ob</em></strong></span> <span class='ocrx_word' id='word_1_401' title='bbox 1548 2653 1680 2694; x_wconf 75' lang='lat' dir='ltr'><strong>partam</strong></span> <span class='ocrx_word' id='word_1_402' title='bbox 1738 2659 1741 2663; x_wconf 50' lang='lat'>¹</span> 
     </span>
     <span class='ocr_line' id='line_1_43' title="bbox 238 2696 1683 2746; baseline -0.005 -12"><span class='ocrx_word' id='word_1_403' title='bbox 238 2702 370 2746; x_wconf 83' lang='lat' dir='ltr'><strong>quidem</strong></span> <span class='ocrx_word' id='word_1_404' title='bbox 389 2702 552 2736; x_wconf 81' lang='lat' dir='ltr'><strong>adversus</strong></span> <span class='ocrx_word' id='word_1_405' title='bbox 571 2702 749 2736; x_wconf 85' lang='lat' dir='ltr'><strong>Maximum</strong></span> <span class='ocrx_word' id='word_1_406' title='bbox 772 2699 945 2733; x_wconf 85' lang='lat' dir='ltr'><strong>victoriam</strong></span> <span class='ocrx_word' id='word_1_407' title='bbox 971 2710 1109 2742; x_wconf 80' lang='lat' dir='ltr'><strong>magnos</strong></span> <span class='ocrx_word' id='word_1_408' title='bbox 1132 2698 1272 2741; x_wconf 77' lang='lat' dir='ltr'><strong>gerebat</strong></span> <span class='ocrx_word' id='word_1_409' title='bbox 1295 2696 1450 2741; x_wconf 83' lang='lat' dir='ltr'><strong>spiritus,</strong></span> <span class='ocrx_word' id='word_1_410' title='bbox 1473 2696 1517 2729; x_wconf 84' lang='lat' dir='ltr'><strong><em>ob</em></strong></span> <span class='ocrx_word' id='word_1_411' title='bbox 1539 2706 1581 2728; x_wconf 76' lang='lat' dir='ltr'><strong><em>ea</em></strong></span> <span class='ocrx_word' id='word_1_412' title='bbox 1595 2705 1683 2728; x_wconf 84' lang='lat' dir='ltr'><strong>vero</strong></span> 
     </span>
     <span class='ocr_line' id='line_1_44' title="bbox 237 2740 1682 2793; baseline -0.004 -14"><span class='ocrx_word' id='word_1_413' title='bbox 237 2759 325 2792; x_wconf 86' lang='lat' dir='ltr'><strong>quae</strong></span> <span class='ocrx_word' id='word_1_414' title='bbox 348 2747 486 2782; x_wconf 80' lang='lat' dir='ltr'><strong>barbari</strong></span> <span class='ocrx_word' id='word_1_415' title='bbox 508 2748 680 2782; x_wconf 76' lang='lat' dir='ltr'><strong>latitantes</strong></span> <span class='ocrx_word' id='word_1_416' title='bbox 699 2747 735 2781; x_wconf 84' lang='lat' dir='ltr'><strong><em>in</em></strong></span> <span class='ocrx_word' id='word_1_417' title='bbox 756 2745 933 2793; x_wconf 75' lang='lat' dir='ltr'><strong>paludibus</strong></span> <span class='ocrx_word' id='word_1_418' title='bbox 950 2744 985 2778; x_wconf 88' lang='lat' dir='ltr'><strong><em>in</em></strong></span> <span class='ocrx_word' id='word_1_419' title='bbox 999 2743 1107 2790; x_wconf 80' lang='lat' dir='ltr'><strong>ipsum</strong></span> <span class='ocrx_word' id='word_1_420' title='bbox 1125 2748 1161 2778; x_wconf 89' lang='lat' dir='ltr'><strong><em>et</em></strong></span> <span class='ocrx_word' id='word_1_421' title='bbox 1174 2743 1208 2777; x_wconf 89' lang='lat' dir='ltr'><strong><em>in</em></strong></span> <span class='ocrx_word' id='word_1_422' title='bbox 1223 2752 1352 2776; x_wconf 85' lang='lat' dir='ltr'><strong>omnem</strong></span> <span class='ocrx_word' id='word_1_423' title='bbox 1366 2740 1550 2776; x_wconf 70' lang='lat' dir='ltr'><strong>exercitum</strong></span> <span class='ocrx_word' id='word_1_424' title='bbox 1563 2743 1682 2787; x_wconf 71' lang='lat' dir='ltr'><strong>patra-</strong></span> 
     </span>
    </p>
   </div>
  </div>
 </body>
</html>
