1812 3016
269 96 364 144 160
889 98 1086 142 ZOSIMI

262 211 389 266 βολὰς
406 209 551 267 ἔλεγον.
618 211 837 268 ἐγκειμένου
859 213 902 255 δὲ
920 217 993 255 τοῦ
1008 212 1206 266 βασιλέως
1223 209 1296 255 δύο
1313 217 1403 268 νῆες
1417 209 1588 255 ὁπλιτῶν
1604 210 1708 265 πλή-

264 298 346 336 ρεις
379 278 706 336 ἐπεραιώθησαν,
743 281 791 331 ἃς
811 281 934 330 εὐθὺς
953 282 990 322 οἳ
1010 282 1168 337 Πέρσαι
1191 279 1437 338 πυροφόρων
1453 285 1583 334 βελῶν
1605 284 1708 335 πλῆ-

262 353 342 398 θος
373 348 544 404 ἀφέντες.
565 350 820 405 κατέφλεξαν.
890 350 1251 403 ἔκδειματωθέντος
1281 350 1325 391 δὲ
1351 350 1471 391 πλέον
1489 353 1564 391 τοῦ
1582 363 1707 404 στρα-

259 421 355 468 τοῦ,
401 416 475 470 τὴν
517 422 732 470 συμβᾶσαν
767 416 787 459 ὃ
823 418 1014 470 βασιλεὺς
1050 415 1435 474 καταστρατηγήσας
1463 417 1708 473 διαμαρτίαν

252 483 608 541 απεριγεγόνασιν”
645 485 721 542 ἔφη
749 484 851 540 “τῆς
876 477 1123 539 διαβάσεως,
1158 488 1224 527 καὶ
1246 484 1374 541 κύριοι
1396 489 1469 539 τῆς
1488 484 1618 540 ὄχθης
1638 501 1704 540 γε-
1718 492 1740 527 5

259 551 421 609 γόνασι·
461 557 579 594 τοῦτο
606 553 683 610 γὰρ
714 555 834 608 δηλοῖ
855 554 901 596 τὸ
932 559 1011 610 πῦρ
1044 554 1090 595 τὸ
1122 553 1200 595 ἀπὸ
1228 558 1308 595 τῶν
1340 554 1488 595 πλοίων
1517 553 1708 609 ἓξαφθέν,

262 620 359 677 ὅπερ
396 619 516 670 αὐτὸς
544 622 753 675 ἐπέσκηψα
782 628 865 672 τοῖς
898 623 960 664 ἐπὶ
995 626 1076 664 τῶν
1100 626 1198 664 νεῶν
1220 619 1484 678 στρατιώταις
1504 619 1710 674 σύμβολον

262 693 335 744 τῆς
363 690 474 742 νίκης
501 686 797 743 ποιήσασθαι.”
867 688 954 732 τότε
976 691 1107 731 τοίνυν
1129 688 1320 741 ἅπαντες,
1351 687 1406 739 ὥς
1423 687 1548 742 εἶχον,
1582 691 1638 738 εἷς
1657 688 1710 730 τὰ

265 762 384 799 πλοῖα
406 755 598 810 ἐμβάντες
617 755 944 813 ἐπεραιώθησαν
979 759 1045 799 καὶ
1065 757 1143 814 ὅπῃ
1161 756 1338 811 βάσιμον
1355 751 1405 811 ἦν
1425 756 1471 799 τὸ
1493 756 1604 812 ὕδωρ
1623 757 1710 797 ἔπι-ο

264 823 535 880 πηδήσαντες,
566 825 621 874 εἴς
655 842 695 866 τε.
727 825 798 867 τὸν
828 826 870 866 ἐκ
894 825 1027 879 χειρὸς
1048 826 1182 880 ἀγῶνα
1207 823 1474 874 καταστάντες
1493 830 1576 874 τοῖς
1594 825 1708 879 Πέρ-
1720 831 1765 865 10

266 910 358 942 σαις
367 924 380 943 ,
415 893 462 934 οὔ
482 890 606 945 μόνον
626 890 850 947 ἐκράτησαν
871 897 944 946 τῆς
961 891 1110 946 ὄχθης,
1147 893 1252 934 ἀλλὰ
1272 895 1338 934 καὶ
1357 892 1408 935 τὰ
1429 890 1622 949 πρότερον
1638 909 1710 934 πε-

266 961 495 1017 ραιωθέντα
514 958 586 1001 δύο
608 963 728 1001 πλοῖα
751 958 1044 1012 καταλαβόντες
1063 958 1287 1017 ἡμίφλεκτοι
1304 960 1398 1010 τούς
1413 959 1710 1016 περιλελειμμέ-

265 1045 361 1078 νους
380 1028 436 1070 ἔτι
459 1032 539 1069 τῶν
560 1028 601 1068 ἔν
624 1027 759 1077 αὐτοῖς
777 1025 949 1069 ὁπλιτῶν
968 1029 1225 1084 περιέσωσαν.
1280 1026 1543 1070 ἐπιπεσόντων
1560 1028 1605 1070 δὲ
1624 1031 1710 1069 λοι-

266 1097 344 1138 πόν
372 1100 451 1138 τῶν
481 1096 761 1151 στρατοπέδων
792 1094 999 1149 ἀλλήλοις,
1030 1097 1072 1136 ἐκ
1097 1099 1223 1150 μέσης
1247 1095 1390 1146 νυκτὸς
1409 1097 1572 1150 διέμεινε
1593 1095 1711 1151 μέχρι

266 1165 391 1219 μέσης
418 1162 571 1219 ἧμέρας
594 1162 620 1217 ἡ
648 1162 773 1217 μάχη.
841 1165 954 1213 τέλος
982 1162 1158 1213 ἐνδόντες
1186 1163 1333 1220 ἔφυγον
1357 1161 1642 1220 προτροπάδην
1673 1162 1710 1204 οἱ
1721 1169 1764 1204 15

265 1234 448 1288 Πέρσαι,
482 1236 554 1285 τῆς
587 1235 716 1288 φυγῆς
742 1229 1002 1286 ἡγησαμένων
1029 1235 1109 1273 τῶν
1132 1235 1384 1287 στρατηγῶν·
1419 1226 1524 1286 ἦσαν
1541 1231 1584 1272 δὲ
1599 1225 1711 1272 οὗτοι

266 1298 476 1355 ΙΙιγράξης
493 1316 558 1349 τε,
591 1300 690 1353 γένει
709 1301 774 1339 καὶ
795 1297 955 1348 ἀξιώσει
974 1299 1153 1354 προέχων
1175 1297 1361 1340 ἁπάντων
1381 1299 1483 1352 μετὰ
1504 1297 1574 1340 τὸν
1593 1301 1711 1354 σφῶν

262 1368 455 1422 βασιλέα,
491 1368 557 1407 καὶ
570 1365 755 1421 Ἀνάρεος
774 1368 840 1407 καὶ
862 1364 883 1407 ὃ
905 1365 1105 1422 σουρήνας
1125 1364 1259 1415 αὐτός.
1325 1364 1515 1422 φεύγουσι
1533 1366 1578 1407 δὲ
1595 1367 1710 1407 ἐπεκ-

263 1433 486 1491 δραμόντες
508 1432 703 1486 Ῥωμαῖοί
732 1451 774 1476 τε.
807 1435 873 1474 καὶ
905 1434 979 1475 σὺν
1011 1432 1168 1483 τούτοις
1195 1434 1234 1475 οἳ
1260 1434 1300 1474 Γ
1296 1431 1412 1475 ότθοι
1439 1430 1614 1483 πολλοὺς
1636 1434 1711 1487 μὲν

263 1502 497 1552 ἀπώλεσαν,
523 1503 693 1557 χρυσίου
725 1502 768 1542 δὲ
798 1505 950 1543 πολλοῦ
977 1503 1042 1542 καὶ
1072 1500 1248 1557 ἀργύρου
1271 1499 1475 1556 γεγόνασιν
1494 1502 1764 1557 ἔγκρατεῖς,20

263 1570 319 1612 ἔτι
346 1571 389 1612 δὲ
419 1568 572 1622 κόσμου
605 1570 794 1610 παντοίου
819 1575 903 1618 τοῖς
922 1586 963 1611 τε
986 1567 1157 1624 ἀνδράσι
1180 1571 1245 1610 καὶ
1263 1570 1403 1619 ἵπποις
1423 1569 1708 1625 περικειμένου,

261 1640 327 1681 καὶ
344 1642 488 1680 κλινῶν
506 1637 691 1694 ἀργυρῶν
710 1638 778 1678 καὶ
797 1638 1021 1693 τραπεζῶν,
1055 1635 1170 1687 ὅσαις
1195 1637 1374 1690 ἐνέτυχον
1387 1634 1467 1685 ὑπὸ
1484 1640 1566 1679 τῶν
1579 1651 1709 1694 ’στρα-

355 1789 375 1823 1
398 1785 568 1831 πλήρεις]
590 1786 667 1820 iibri
687 1784 836 1830 πλήθει.
941 1787 984 1822 17
998 1790 1034 1820 et
1051 1787 1092 1823 18
1113 1786 1304 1823 Ammianus
1324 1787 1371 1823 24
1393 1787 1415 1823 6
1423 1798 1433 1822 2
1456 1797 1531 1822 cnm
1552 1786 1710 1832 Pigrane

357 1833 429 1879 (al.
452 1832 628 1877 Tigrane)
652 1837 686 1867 et
709 1833 844 1867 Surena
865 1836 900 1867 et
917 1832 1061 1868 Narseo.

265 1968 502 2014 praebentem,
525 1970 675 1999 metuere
701 1977 739 1999 se
764 1965 906 1999 telorum
931 1968 966 1999 et
989 1964 1112 2010 ignium
1129 1965 1171 1999 de
1186 1963 1317 2000 sublimi
1335 1964 1443 1998 iectus
1457 1964 1624 2008 dicerent,
1646 1974 1707 1998 ur-

266 2018 367 2058 gente
394 2012 597 2056 imperatore
623 2011 756 2055 navigia
781 2011 847 2045 duo
874 2011 1066 2054 legionariis
1088 2013 1212 2046 referta
1233 2010 1456 2051 transiecereg
1478 2021 1565 2054 quae
1582 2010 1707 2044 Persae

265 2058 375 2092 statim
397 2057 573 2100 ignitorum
595 2056 735 2089 telorum
757 2067 874 2100 magna
888 2056 924 2089 vi
939 2056 1090 2090 coniecta
1113 2056 1368 2090 succenderunt.
1411 2065 1485 2088 cum
1501 2054 1617 2088 maiori
1631 2060 1709 2089 tre-

265 2103 434 2149 pidatione
450 2112 629 2145 percussus
646 2107 735 2135 esset
750 2101 927 2142 exercitus,
950 2101 1134 2147 imperator
1147 2102 1243 2134 vafro
1258 2104 1443 2134 commento
1459 2100 1631 2144 corrigens
1645 2100 1708 2134 nd-

266 2149 401 2182 missum
419 2152 562 2179 erratum
584 2143 792 2180 “successit'’
814 2146 922 2191 inquit
941 2143 1014 2179 “eis
1029 2146 1234 2189 transiecfis,
1255 2146 1394 2190 ripaque
1407 2144 1507 2190 potiti
1521 2152 1617 2179 sunt:
1641 2146 1708 2179 hoc

263 2194 350 2227 enim
377 2192 463 2236 ignis
486 2191 542 2224 iile
566 2191 608 2224 de
633 2191 776 2234 navigiis
796 2203 955 2225 accensus
969 2192 1115 2233 indicat3
1142 2202 1238 2235 quem
1253 2191 1375 2224 milites
1388 2202 1429 2223 eo
1445 2190 1708 2224 transmittentes

265 2239 414 2273 excitare
437 2237 598 2270 iusseram
620 2236 728 2269 veluti
750 2237 835 2270 bene
857 2237 905 2270 rei
923 2242 1041 2280 gestae
1055 2233 1217 2280 signum.”
1261 2241 1342 2269 tunc
1355 2235 1459 2279 igitur
1474 2246 1588 2269 omnes
1602 2235 1652 2269 ita
1667 2240 1707 2269 ut

264 2283 421 2318 instructi
436 2285 550 2323 erant,
574 2292 677 2314 naves
692 2282 831 2325 ingressi
847 2282 1119 2323 transmiserunt;
1143 2287 1178 2315 et
1191 2292 1258 2326 qua
1271 2281 1358 2314 vado
1375 2292 1436 2324 per
1450 2291 1571 2324 aquam
1585 2280 1627 2314 iri
1639 2291 1707 2326 po-

263 2334 371 2370 terat,
394 2328 429 2361 in
451 2337 524 2360 eam
546 2326 745 2366 insistentes,
770 2327 947 2360 comminus
970 2327 1097 2372 proelio
1121 2338 1195 2359 eum
1214 2326 1326 2359 Persis
1342 2326 1445 2367 inito,
1468 2325 1581 2358 nonin
1598 2325 1705 2370 ripam

263 2375 370 2408 solum
387 2375 576 2412 evaserunt,
600 2382 715 2404 verum
736 2372 834 2404 etiam
850 2372 1057 2416 recuperatis
1072 2372 1199 2404 duabus
1213 2370 1278 2404 illis
1292 2370 1356 2403 iarn
1373 2370 1536 2404 semiustis
1550 2371 1704 2413 navibus,

263 2431 351 2465 quae
367 2418 460 2463 prius
474 2416 737 2457 transmiserant,
762 2416 907 2460 reliquos
922 2417 1030 2450 adhuc
1043 2417 1075 2450 in
1092 2416 1140 2450 eis
1155 2416 1352 2459 legionarios
1370 2416 1483 2449 salvos
1496 2415 1704 2459 eripuerunt.

262 2464 444 2499 secundum
470 2463 553 2496 haec
579 2461 765 2504 congressis
790 2461 991 2494 exercitibus
1015 2473 1035 2495 a
1058 2461 1164 2495 media
1187 2466 1285 2494 nocte
1299 2461 1460 2506 proelium
1476 2459 1519 2493 nd
1535 2460 1704 2494 meridiem

261 2521 369 2555 usque
392 2507 599 2553 perduravit.
648 2506 778 2539 tandem
805 2506 928 2538 Persae
950 2507 1106 2539 cedentes
1121 2506 1202 2539 totis
1216 2506 1342 2539 viribus
1357 2507 1470 2549 fugam
1484 2504 1704 2550 arripiebant,-

262 2557 355 2590 facto
384 2554 453 2587 eius
480 2554 523 2586 ab
550 2552 632 2597 ipsis
656 2551 792 2584 ducibus
812 2550 916 2583 initio.
967 2551 998 2584 hi
1015 2552 1118 2584 duces
1133 2555 1229 2584 erant
1243 2551 1428 2594 Pigraxes‚
1451 2561 1575 2593 genere
1589 2549 1704 2593 digni·

264 2605 405 2644 tateque
431 2598 609 2632 secundum
631 2608 744 2640 regem
766 2600 902 2629 cunctos
923 2597 1143 2638 anteoessens,
1167 2601 1203 2628 et
1226 2597 1375 2629 Anareus
1398 2600 1435 2628 et
1453 2595 1527 2639 ipse
1549 2605 1700 2629 surenas.
1751 2610 1754 2612 ’

262 2646 429 2688 fugientes
444 2643 584 2677 insecuti
603 2641 759 2683 Romani,
783 2646 817 2674 et
831 2652 903 2674 cum
918 2642 967 2674 eis
984 2641 1110 2682 Gothi,
1134 2641 1252 2674 multos
1267 2642 1464 2675 deleverunt
1474 2665 1485 2680 ‚
1507 2643 1544 2672 et
1556 2640 1628 2673 auri
1643 2650 1702 2674 ιι·-

264 2690 422 2733 gentique
436 2699 556 2732 magna
569 2687 666 2733 potiti
680 2692 759 2720 sunt
772 2686 869 2730 copia
886 2686 1053 2730 variisque
1072 2690 1137 2719 tam
1153 2686 1296 2720 virorum
1313 2696 1410 2731 quam
1425 2694 1583 2728 equorum
1597 2693 1701 2718 orna-

266 2735 402 2779 mentis,
431 2740 466 2770 et
491 2732 663 2779 argenteis
687 2732 783 2767 lectis
795 2736 831 2766 et
843 2731 984 2774 mensis,
1009 2741 1222 2776 quascunque
1236 2731 1372 2767 relictas
1385 2742 1407 2766 a
1424 2729 1564 2765 ducibus
1577 2729 1612 2764 in
1628 2730 1702 2764 fos-
