1812 3016
267 162 365 210 244
890 162 1085 206 ZOSIMI

271 282 459 330 δειπνεῖν,
494 275 549 326 ὡς
579 275 629 330 δὴ
662 275 832 330 μηδενὸς
862 275 917 318 ἴτι
945 274 1047 330 μετὰ
1080 279 1270 318 τοσοῦτον
1299 272 1509 330 ἐλάττωμα
1529 275 1704 330 πολέμου

270 346 551 404 γενησομένου·
585 348 665 386 τῶν
701 346 744 385 δὲ
773 345 834 385 ἐπὶ
863 345 907 386 τὸ
939 342 1150 385 ἑστιᾶσθαι
1180 343 1428 400 τραπέντων,
1466 342 1488 386 ὃ
1515 344 1705 398 βασιλεὺς

271 413 488 462 Θεοδόσιος
513 412 666 468 ὄρθρον
694 411 771 466 ἤδη
799 413 994 465 μέλλοντα
1024 409 1274 464 θεασάμενος
1301 411 1460 454 ἐπέπεσε
1487 411 1560 454 σῦν
1585 413 1704 454 παντὶ

265 488 322 541 τῷ
347 478 611 538 στρατεύματι
631 480 820 534 κειμένοις
841 479 895 521 ἔτι
914 486 996 530 τοῖς
1018 480 1236 533 πολεμίοις,
1266 480 1333 520 καὶ
1353 478 1511 529 οὐδενὸς
1530 472 1585 521 ὧν
1604 479 1704 521 ἔπα-

266 568 362 605 σχον
383 547 699 601 αἰσθανομένους
715 547 953 603 ἀπέσφαττε.
1022 547 1232 603 προελθών
1248 547 1291 588 δὲ
1311 549 1378 588 καὶ
1395 548 1511 603 μέχρι
1531 550 1602 602 τῆς
1619 547 1736 589 Εὖ-5

265 620 393 675 γενιόυ
425 621 571 670 σκηνῆς
595 618 659 657 καὶ
681 621 763 665 τοῖς
786 615 891 672 ἀμφ’
915 614 1036 657 αὐτὸν
1056 614 1287 668 ἐπιθέμενος
1307 615 1433 657 ἀνεῖλε
1457 615 1550 664 τοὺς
1571 616 1704 656 πλείο-

266 705 350 735 νας.
418 685 511 726 ἔνιοι
533 685 576 725 δὲ
596 688 646 739 τῇ
662 682 901 737 καταπλήξει
927 683 1190 738 διεγερθέντες
1207 683 1274 723 καὶ
1292 681 1537 737 ὁρμήσαντες
1551 683 1606 731 εἷς
1623 698 1705 739 φυ-

264 755 338 810 γὴν
369 753 554 807 ἣλωσαν·
590 752 631 792 ἒν
666 747 725 800 οἷς
756 753 820 792 καὶ
853 751 972 800 αὐτὸς
999 751 1184 805 Εὐγένιος
1208 745 1281 804 ἦν,
1317 749 1362 810 ὃν
1383 748 1706 806 συναρπάσαντες

265 825 330 864 καὶ
367 821 438 874 τὴν
472 817 649 875 κεφαλὴν
683 816 918 875 ἀφελόλιιενοι
954 823 1080 874 κοντῷ
1105 835 1146 859 τε
1174 819 1444 872 διαπείραντες
1464 816 1704 874 μακροτάτῳ

263 894 343 931 πᾶν
364 888 596 944 περιέφερον
611 884 655 927 τὸ
676 883 957 942 στρατόπεδον,
993 883 1208 935 δεικνύντες
1225 890 1308 936 τοῖς
1327 883 1383 927 ἔτι
1398 885 1577 928 τάκείνου
1599 899 1703 941 φρο-
1716 892 1758 926 10

262 961 397 999 νοῧσιν
418 953 473 1004 ὡς
492 951 681 1011 προσήκει
695 951 917 1008 Ῥωμαίους
937 952 1054 1003 ὄντας
1075 951 1129 1003 ὥς
1149 952 1218 995 τὸν
1234 953 1405 1006 βασιλέα
1425 959 1512 1002 ταῖς
1527 950 1705 1008 γνώμαις

263 1026 516 1073 ἐπανελθεῖν,
552 1021 730 1064 ἐκποδών
760 1021 937 1075 μάλιστα
959 1025 1032 1063 τοῦ
1052 1018 1247 1078 τυράννου
1267 1021 1536 1076 γεγενημένου.
1600 1018 1705 1062 nniv-

263 1110 328 1141 τες
361 1092 433 1144 μὲν
463 1085 532 1132 οὖν
566 1087 621 1139 ὥς
649 1091 767 1131 εἶπεῖν
799 1090 836 1130 οἳ
868 1089 970 1143 μετὰ
997 1089 1069 1143 τὴν
1095 1091 1206 1143 νίκην
1223 1086 1532 1145 ὑπολειφθέντες
1553 1087 1616 1129 ἐπὶ
1635 1086 1704 1130 τὸν

260 1159 430 1215 βασιλέα
462 1155 681 1214 δραμόντες
713 1156 852 1199 τοῦτόν
880 1174 921 1199 τε
951 1156 1190 1212 Αὔγουστον
1211 1155 1434 1211 ἀνεβόησαν
1453 1157 1519 1198 καὶ
1540 1155 1602 1196 3⁷12
1621 1161 1705 1204 τοῖς

261 1226 556 1283 ἡμαρτημένοις
580 1225 715 1279 ἠξίουν
736 1224 836 1279 ἔχειν
858 1223 1119 1280 συγγνώμην,
1153 1225 1219 1266 καὶ
1242 1222 1262 1266 ὃ
1283 1223 1474 1278 βασιλεῦς
1494 1223 1592 1283 ῥᾷον
1613 1222 1703 1265 ἐπέ-
1715 1229 1757 1264 15

256 1308 393 1337 νευεν·
425 1289 698 1348 Ἀρβογᾶστης
727 1294 770 1334 δὲ
799 1297 929 1346 τυχεῖν
953 1290 1030 1334 ὑπὸ
1055 1293 1274 1334 Θεοδοσίου
1298 1291 1606 1348 φιλανθρωπίας
1631 1290 1705 1332 οὒκ

261 1361 437 1412 ἀξιώσας
466 1362 528 1401 ἐπὶ
559 1358 610 1401 τὰ
641 1357 871 1415 τραχύτατα
901 1360 1094 1416 συνέφυγε
1125 1364 1204 1401 τῶν
1233 1359 1361 1415 ὀρῶν,
1396 1357 1637 1412 αἰσθόμενος
1660 1358 1704 1400 δὲ

260 1429 316 1478 ὥς
342 1427 472 1470 πάντα
493 1432 766 1482 περινοστοῦσι
787 1425 909 1469 τόπον
933 1427 971 1468 οἱ
998 1431 1138 1468 τοῦτον
1159 1428 1426 1480 ἐπιζητοῦντες
1446 1424 1586 1468 ἑαυτὸν
1605 1423 1704 1467 ὗπέ·

260 1514 330 1550 σχε
352 1501 408 1552 τῷ
430 1497 532 1551 ξίφει
546 1526 558 1545 ,
592 1494 660 1536 τὸν
684 1493 864 1537 ἑκούσιον
879 1493 1060 1537 θάνατον
1082 1498 1153 1549 τῆς
1169 1491 1247 1536 ὖπὸ
1268 1498 1348 1536 τῶν
1370 1494 1531 1552 ἐχθρῶν
1553 1491 1703 1548 συλλή-

260 1577 371 1619 ψεως
396 1560 658 1618 προτιμήσας.
1417 1569 1423 1572 “
1710 1567 1758 1604 20

394 1630 474 1675 59.
543 1633 639 1671 Τῶν
675 1627 718 1669 δὲ
750 1626 996 1684 πραγμάτων
1022 1622 1098 1671 ὦδε
1121 1632 1179 1686 τῷ
1195 1630 1360 1681 βασιλεῖ’
1377 1627 1580 1684 Θεοδοσίῳ
1601 1643 1703 1683 προ·-

256 1696 540 1755 χωρησάντων,
575 1694 824 1750 ἐπιδημήσας
841 1700 891 1752 τῇ
902 1695 1037 1753 Ῥώμῃ
1055 1695 1124 1738 τὸν
1142 1695 1229 1737 υἱὸν
1241 1694 1434 1752 ιΟνώριον
1453 1694 1703 1737 ἀναδείκνυσι

258 1767 449 1819 βασιλέα,
483 1766 711 1818 Στελίχωνα
745 1762 966 1820 στρατηγόν
1002 1781 1043 1807 τε
1077 1762 1289 1821 ἀποφήνας
1321 1761 1407 1818 ἅμα
1441 1766 1521 1805 τῶν
1555 1761 1703 1805 αὐτόθι

351 1883 395 1916 10
417 1878 586 1915 τάκείνου
607 1881 636 1914 S
657 1890 718 1926 pro
743 1879 878 1925 vulgato
901 1877 1084 1916 κάκείνου.

257 1982 381 2016 nullum
408 1980 547 2025 amplius
573 1983 653 2026 post
675 1984 803 2015 tantam
825 1981 953 2016 cladem
969 1985 1141 2028 acceptam
1155 1979 1316 2028 proelium
1332 1981 1477 2016 futurum
1495 1982 1595 2015 esset.
1647 1979 1700 2016 his

258 2033 370 2061 autem
386 2027 428 2059 ad
448 2027 561 2070 epulas
577 2026 748 2060 conversis
759 2052 768 2068 ,
791 2027 1001 2061 Theodosius
1018 2028 1206 2072 imperator
1222 2038 1375 2060 auroram
1390 2030 1601 2072 appetentem
1617 2036 1700 2060 con·-

258 2072 406 2117 spicatus
431 2071 598 2111 universis
624 2083 698 2104 cum
721 2071 825 2115 copiis
848 2072 882 2105 in
907 2073 1019 2106 hostes
1040 2074 1148 2108 adhuc
1162 2073 1250 2107 humi
1263 2073 1410 2106 iacentes
1426 2071 1542 2113 irruit,
1565 2075 1601 2104 et
1617 2072 1699 2106 nihil

258 2127 371 2150 eorum
399 2127 486 2160 quae
513 2120 769 2160 perpeterentur
794 2117 975 2151 sentientes
1002 2118 1135 2154 occidit.
1181 2128 1320 2162 cumque
1337 2126 1535 2161 progressus
1551 2121 1642 2150 esset
1655 2117 1699 2150 ad

258 2160 402 2205 Eugenii
427 2160 625 2201 tentorium,
643 2166 809 2204 quotquot
831 2167 972 2206 propter
998 2163 1086 2196 hunc
1111 2162 1269 2206 aderant,
1292 2162 1430 2196 adortus
1445 2161 1630 2206 complures
1645 2162 1700 2195 in·-

258 2205 411 2247 teremit‚
438 2205 622 2245 nonnullis,
645 2217 729 2249 quos
744 2206 815 2250 ipse
830 2212 941 2241 terror
956 2208 1184 2248 excitaverat,
1205 2207 1280 2240 dum
1295 2207 1407 2250 fugam
1421 2205 1613 2249 moliuntur,
1639 2205 1700 2240 ἀι-

258 2251 348 2296 ptis;
377 2251 465 2284 inter
492 2261 575 2294 quos
601 2254 636 2283 et
661 2250 833 2293 Eugenius
857 2257 940 2286 erat.
988 2253 1064 2286 huic
1089 2256 1227 2296 arrepto
1253 2258 1355 2296 caput
1378 2251 1576 2292 abscissum,
1602 2251 1700 2284 hasta

258 2296 450 2340 longissima
470 2295 673 2339 praefixum,
696 2295 779 2328 totis
802 2297 919 2330 castris
939 2298 1165 2331 circumlatum
1180 2297 1262 2338 suit,
1285 2301 1325 2329 ut
1338 2296 1378 2329 iis
1394 2296 1630 2330 ostenderetur
1642 2295 1700 2341 qui

261 2342 368 2376 adhuc
383 2352 403 2374 a
417 2341 568 2385 partibus
583 2339 670 2372 illius
685 2340 839 2382 stabant,
863 2352 926 2385 par
941 2353 1032 2383 esse,
1056 2341 1187 2386 quando
1202 2341 1346 2375 Romani
1361 2341 1477 2375 haberi
1491 2341 1634 2384 vellent,
1658 2344 1699 2374 ut

260 2386 376 2420 animis
393 2386 436 2419 ad
451 2385 681 2430 imperatorem
698 2395 791 2418 suum
801 2410 811 2427 ‚
833 2385 1029 2429 praesertim
1043 2390 1186 2430 tyranno
1201 2387 1268 2419 iam
1284 2385 1326 2419 de
1341 2386 1448 2419 medio
1464 2386 1617 2429 sublato,
1641 2396 1698 2420 re·—

261 2431 383 2465 dirent.
430 2434 634 2475 quapropter
649 2439 762 2463 omnes
778 2431 852 2463 fere
870 2436 945 2475 post
967 2431 1143 2465 victoriam
1157 2431 1355 2476 superstites
1367 2456 1378 2472 ‚
1400 2430 1444 2464 ad
1460 2430 1697 2478 imperatorem

260 2487 360 2510 cursu
386 2475 508 2516 delati,
531 2476 716 2519 Augustum
741 2474 921 2509 inclamant
947 2482 982 2510 et
1006 2476 1220 2510 admissorum
1244 2472 1374 2510 veniam
1391 2479 1552 2520 poscunt3
1576 2475 1698 2519 quibus

259 2531 373 2554 eorum
399 2519 552 2565 precibus
576 2520 757 2564 imperator
782 2519 870 2552 haud
897 2521 1060 2563 gravatim
1085 2520 1208 2557 annuit.
1254 2521 1460 2564 Arbogastes
1485 2523 1616 2562 autem,
1639 2519 1697 2564 qui

260 2565 447 2600 Theodosii
461 2564 695 2599 humanitatem
710 2564 854 2608 experiri
872 2576 937 2598 non
952 2570 1102 2610 cuperet,
1124 2566 1158 2599 in
1173 2571 1302 2599 montes
1317 2565 1516 2609 asperrimos
1532 2565 1696 2607 confugit,

259 2615 295 2645 et
314 2611 582 2644 animadvertens
595 2608 705 2643 omnia
716 2608 789 2642 loca
806 2610 999 2653 perlustrari
1013 2612 1057 2644 ab
1073 2611 1114 2644 iis
1130 2610 1188 2655 qui
1203 2621 1277 2644 eum
1293 2613 1512 2654 quaererent,
1534 2607 1609 2653 ipse
1631 2607 1697 2643 sibi

260 2666 373 2689 manus
388 2655 499 2688 intulit
510 2682 520 2698 ,
542 2659 715 2700 praestare
728 2658 820 2688 ratus
836 2659 872 2688 ut
888 2655 1109 2690 voluntariam
1123 2658 1262 2690 mortem
1276 2654 1388 2699 potius
1403 2658 1582 2699 oppeteret
1595 2662 1696 2698 quam

258 2705 297 2734 ut
311 2701 354 2734 ab
370 2700 520 2734 hostibus
534 2705 724 2745 caperetur.

349 2745 404 2779 59.
451 2745 533 2778 Cum
557 2745 621 2779 hot
644 2742 741 2778 modo
763 2753 819 2777 res
837 2742 1029 2782 Theodosio
1048 2741 1189 2788 principi
1204 2741 1464 2785 successissent,
1486 2741 1696 2786 Romanuin-

257 2801 392 2835 gressus
417 2788 599 2827 Honorium
612 2789 632 2823 ti
654 2789 732 2824 lium
756 2787 988 2834 imperatorem
1015 2789 1186 2832 declarat,
1214 2787 1405 2823 stelionum
1423 2786 1591 2832 legionum
1604 2787 1639 2822 in
1652 2786 1696 2822 iis
