1774 3002
271 75 339 126 44
891 79 1088 125 ZOSIMI

270 207 339 243 τος
359 192 488 236 τοίνυν
507 190 594 248 ἅμα
614 195 775 250 στρατῷ
797 190 868 235 τοῦ
891 193 1101 248 βασιλέως,
1121 189 1293 250 Ἀγκῦρα
1316 209 1358 236 τε
1386 191 1644 250 προσετίθετο
1663 208 1711 248 τῃ

264 260 471 315 Ῥωμαίων
497 261 602 318 ἀρχῇ
626 263 692 303 καὶ
727 258 867 302 Τύανα
895 261 997 316 μετὰ
1022 259 1170 316 ταύτην
1197 261 1264 303 καὶ
1289 259 1380 316 ἑξῆς
1402 259 1555 303 ἅπασαι
1573 259 1712 315 μέχρις

263 328 521 384 Ἀντιοχείας,
555 330 596 371 ἓν
622 323 650 386 ᾗ
675 330 878 383 Ζηνοβίαν
901 328 1026 385 εὖρὼν
1049 329 1135 383 ἅμα
1158 333 1318 386 στρατῷ
1337 332 1474 386 πολλῷ
1491 343 1709 384 παρεσκευ-

269 397 443 453 ασμένην
464 395 623 447 εἰκότως
646 399 701 446 εἰς
715 395 850 451 μάχην
868 395 1024 452 ἀπήντα
1043 399 1108 439 καὶ
1137 396 1258 447 αὐτὸς
1278 395 1479 454 εὐτρεπής.
1545 393 1650 451 δρῶν
1669 395 1712 436 δὲ

269 465 365 515 τοὺς
393 468 679 521 Παλμυρηνῶν
704 464 845 515 ἱππέας
876 462 1026 508 ὁπλίσει
1051 466 1197 524 βαρείᾳ
1224 466 1291 507 καὶ
1317 463 1498 521 ἀσφαλεῖ
1509 466 1743 519 τεθαρρη-Ξι

269 531 391 584 κότας
419 535 486 575 καὶ
512 532 598 587 ἅμα
629 534 746 591 πείρα
770 537 820 589 τῇ
844 535 932 589 περὶ
957 533 1030 588 τὴν
1059 533 1251 576 ἱππασίαν
1285 531 1386 574 πολὺ
1411 536 1491 575 τῶν
1511 531 1712 588 σφετέρων

267 601 529 657 προέχοντας,
563 600 658 651 τοὺς
686 601 759 654 μὲν
786 601 927 652 πεζοὺς
961 602 1084 658 πέραν
1104 618 1181 643 που
1216 605 1290 642 τοῦ
1306 598 1497 656 Ὀρόντου
1528 602 1713 652 ποταμοῦ

267 667 493 726 διεχώρισε,
530 667 722 723 σύνθημα
744 669 787 710 δὲ
812 675 895 719 τοῖς
910 667 1116 722 Ῥωμαίων
1141 669 1299 711 ἱππεῦσι
1325 669 1469 710 δέδωκε
1495 665 1555 720 μὴ
1577 667 1620 708 ἐκ
1640 670 1713 708 τοῦ

266 737 408 787 εὐθέος
428 737 574 791 ἀκμῆτι
595 741 645 792 τῇ
662 739 946 792 Παλμυρηνῶν
962 738 1072 795 ἵππῳ
1095 734 1289 791 συνάψαι,
1316 736 1553 790 δεξαμένους
1574 734 1619 777 δὲ
1639 733 1711 788 τὴν

265 805 398 847 αὐτῶν
418 805 564 862 ἔφοδον
585 805 625 854 ἐς
641 804 770 861 φυγὴν
792 806 920 846 δοκεῖν
942 805 1182 861 τρέπεσθαι,
1216 807 1284 846 καὶ
1303 807 1421 846 τοῦτο
1447 808 1572 845 ποιεῖν
1595 801 1711 859 ἄχρις
1721 811 1767 845 10

266 871 317 914 ἂν
344 873 482 915 ἴδωσιν
504 870 650 922 αῧτούς
677 889 718 914 τε
740 873 806 914 καὶ
830 872 924 923 τοὺς
946 873 1095 923 ἵππους
1114 871 1192 914 ὑπὸ
1218 877 1291 914 τοῦ
1307 869 1513 925 καύματος
1535 868 1622 924 ἅμα
1644 871 1712 912 καὶ

263 944 337 995 τῆς
366 945 446 983 τῶν
472 939 605 982 ὅπλων
630 938 858 997 βαρύτητος
883 940 983 997 πρὸς
1013 940 1085 995 τὴν
1115 942 1248 990 δίωξιν
1270 937 1520 989 ἀπειπόντας.
1589 931 1638 980 οὗ
1659 937 1711 992 δὴ

262 1008 472 1064 γενομένου
498 1010 563 1050 καὶ
588 1012 667 1050 τῶν
687 1008 884 1061 βασιλέως
912 1009 1059 1051 ἱππέων
1081 1008 1126 1050 τὸ
1152 1006 1412 1065 παράγγελμα
1435 1003 1710 1064 φυλαξάντων,

262 1076 398 1130 ἐπειδὴ
424 1076 518 1126 τοὺς
543 1077 743 1125 ἐναντίους
761 1074 981 1118 ἐθεάσαντο
1003 1076 1262 1133 παρειμένους
1282 1075 1360 1130 ἤδη
1385 1076 1454 1117 καὶ
1475 1081 1557 1124 τοῖς
1572 1075 1711 1123 ἵπποις

263 1142 500 1199 κεκμηκόσιν
519 1142 728 1198 ἀκινήτους
750 1143 844 1193 τοὺς
862 1144 1137 1198 ἐπικειμένους,
1163 1141 1428 1197 ἀναλαβόντες
1449 1141 1543 1192 τοὺς
1561 1142 1710 1192 ἵππους
1721 1143 1764 1180 15

261 1210 433 1267 ἐπῄεσαν
482 1214 549 1254 καὶ
590 1209 842 1265 αὐτομάτους
879 1216 959 1254 τῶν
998 1213 1132 1253 ἵππων
1165 1212 1423 1260 ἐκπίπτοντας
1452 1207 1710 1253 συνεπάτουν.

261 1279 386 1336 φόνος
416 1274 487 1322 οὖν
515 1274 565 1334 ἦν
597 1277 798 1333 συμμιγής
806 1310 819 1330 ,
854 1283 933 1321 τῶν
961 1280 1035 1333 μὲν
1068 1280 1197 1335 ξίφεσι
1217 1283 1296 1320 τῶν
1317 1279 1360 1320 δὲ
1380 1276 1458 1319 ὑπὸ
1483 1282 1563 1319 τῶν
1575 1278 1710 1319 ἵππων

259 1348 414 1389 οἰκείων
446 1364 487 1389 τε
521 1348 587 1388 καὶ
622 1348 820 1399 πολεμίων
846 1346 1154 1401 ἀναιρουμένων.
1231 1346 1354 1401 (51)
1382 1343 1644 1388 εἰσελθόντων
1666 1345 1710 1386 δὲ

257 1419 339 1456 τῶν
364 1413 451 1457 ὅσοι
474 1416 680 1471 διαφυγεῖν
702 1411 783 1455 οἶοί
801 1431 841 1455 τε
861 1413 1066 1469 γεγόνασιν
1091 1416 1147 1464 εἰς
1166 1413 1238 1468 τὴν
1253 1412 1506 1468 Ἀντιόχειαν,
1539 1410 1710 1466 Ζάβδας

255 1480 279 1524 ὁ
300 1484 503 1537 Ζηνοβίας
526 1481 747 1539 στρατηγὸς
767 1481 956 1538 ὀρρωδῶν
975 1480 1033 1537 μή
1061 1499 1154 1523 ποτε
1179 1479 1382 1535 μαθόντες
1407 1481 1445 1523 οἳ
1465 1485 1538 1535 τῆς
1554 1480 1764 1522 {Amo-20

253 1551 366 1603 χείας
385 1549 588 1606 οἰκήτορες
605 1549 650 1592 τὸ
669 1551 758 1606 περὶ
779 1549 851 1603 τὴν
871 1548 1005 1605 μάχην
1029 1556 1207 1605 πταῖσμα
1225 1551 1363 1606 σφίσιν
1382 1549 1600 1599 ἐπίθοιντο,
1634 1546 1707 1589 ἀν-
1750 1540 1753 1543 .

257 1619 337 1674 δρα
351 1616 608 1671 μεσαιπόλιον
630 1615 843 1673 ε’μφέρειάν
871 1635 960 1660 τινα
987 1617 1087 1674 πρὸς
1108 1616 1180 1671 τὴν
1199 1621 1272 1659 τοῦ
1285 1617 1483 1670 βασιλέως
1500 1617 1610 1658 ἰδέαν
1635 1617 1706 1658 δο-

255 1684 404 1728 κοῦντά
424 1703 508 1736 πως
530 1684 630 1740 ἔχειν
655 1682 793 1742 εῧρών,
818 1688 884 1729 καὶ
906 1689 1042 1742 σχῆμα
1072 1686 1251 1742 περιθεὶς
1270 1682 1355 1728 οἷον
1373 1683 1476 1735 εἰκὸς
1490 1678 1540 1739 ἦν
1559 1682 1706 1740 Αὗρη-
1755 1684 1766 1690 “

351 1804 394 1841 15
416 1802 603 1850 κεκληκόσι
616 1803 692 1840 LP:
716 1815 794 1839 corr
812 1804 850 1840 S.

260 1905 485 1951 imperatore,
507 1907 645 1952 Ancyra
660 1907 885 1942 Romanorum
906 1907 940 1941 in
963 1906 1126 1941 dicionem
1148 1905 1251 1948 venit,
1274 1909 1309 1940 et
1323 1905 1448 1949 Tyana
1468 1905 1548 1949 post
1562 1913 1646 1947 eam,
1669 1908 1707 1936 et

261 1953 364 1985 urbes
380 1952 539 1996 deinceps
554 1964 667 1986 omnes
682 1953 891 1987 Antiochiam
906 1963 1031 1997 usque;
1046 1953 1080 1986 in
1095 1963 1160 1996 qun
1175 1953 1259 1985 urbe
1271 1956 1406 1995 reperta
1416 1948 1565 1983 Zenobia
1578 1948 1706 1991 magnis

259 1995 426 2030 instructa
441 1997 564 2041 copiis,
589 2003 624 2031 et
637 1998 708 2041 ipse
723 2003 859 2042 paratus
875 1998 919 2032 ad
937 2009 1100 2042 pugnam,
1125 1996 1178 2029 cui
1194 2007 1253 2040 par
1267 2001 1362 2036 erat,
1385 1993 1544 2028 occurrit.
1586 1993 1706 2027 videns

259 2047 372 2075 autem
390 2041 606 2084 Palmyrenos
621 2043 750 2086 equites
761 2067 771 2083 ‚
795 2049 964 2076 armatura
987 2043 1085 2086 gravi
1110 2041 1291 2084 eademque
1308 2044 1383 2073 tuta
1397 2041 1503 2073 fretos
1515 2065 1525 2081 ‚
1548 2039 1705 2082 equiten—

259 2085 296 2119 di
318 2097 451 2131 quoque
474 2086 595 2130 peritia
619 2087 720 2130 longe
744 2099 823 2121 suos
848 2088 1032 2129 excellere,
1054 2086 1184 2132 pedites
1199 2091 1290 2119 trans
1307 2085 1470 2118 Orontem
1486 2083 1626 2117 fluvium
1640 2083 1704 2116 ali-

257 2131 334 2165 cubi
358 2132 538 2175 separatim
562 2132 748 2173 constituit,
771 2137 807 2166 et
831 2132 986 2166 Romanis
1009 2132 1175 2176 equitibus
1201 2142 1243 2164 ex
1266 2130 1449 2174 composito
1473 2128 1648 2174 praecepit
1661 2139 1704 2161 ne

256 2181 353 2210 recta
370 2187 443 2210 cum
456 2176 583 2210 recenti
599 2182 634 2210 et
648 2177 773 2210 viribus
796 2177 929 2221 integro
944 2177 1218 2220 Palmyrenorum
1235 2175 1386 2219 equitatu
1402 2185 1531 2208 manum
1545 2184 1704 2207 consere-

255 2226 335 2256 rent
345 2246 357 2263 ,
379 2221 440 2255 sed
456 2227 653 2266 exspectata
666 2222 751 2256 illius
765 2222 981 2276 impressione
996 2223 1106 2265 sugam
1121 2234 1159 2255 se
1174 2231 1351 2266 capessere
1369 2219 1580 2260 simularent,
1602 2218 1704 2262 idque

253 2267 420 2311 tantisper
442 2267 608 2307 facerent,
630 2267 735 2301 donec
759 2272 793 2301 et
813 2278 904 2312 ipsos
930 2272 965 2300 et
984 2278 1088 2312 equos
1105 2268 1148 2301 ob
1164 2271 1291 2300 aestum
1308 2265 1436 2310 pariter
1449 2269 1486 2298 et
1499 2263 1702 2308 gravitatem

254 2322 422 2346 armorum
446 2322 468 2345 a
489 2312 718 2365 persequendo
744 2312 907 2346 desistere
925 2318 1110 2347 cernerent.
1156 2312 1220 2345 hoc
1235 2322 1307 2344 cnm
1319 2312 1446 2344 factum
1459 2313 1562 2352 esset,
1584 2320 1625 2342 ac
1639 2308 1702 2341 im-

253 2357 420 2402 peratoris
442 2357 570 2400 equites
597 2357 630 2390 id
658 2358 893 2391 observassent
915 2359 1003 2401 quod
1026 2358 1219 2402 imperatum
1243 2357 1373 2396 fuerat,
1396 2355 1453 2388 ubi
1468 2355 1607 2400 primum
1622 2353 1703 2387 fati-

251 2406 351 2446 gatos
374 2403 488 2436 hostes
510 2406 544 2436 et
569 2402 729 2435 hactenus
754 2403 983 2436 incumbentes
1004 2403 1101 2436 lassis
1128 2402 1222 2446 equis
1243 2400 1425 2434 immobiles
1440 2402 1699 2445 conspexerunt,

252 2447 348 2491 equis
375 2458 396 2481 a
421 2457 518 2481 cursu
541 2448 708 2481 revocatis
733 2459 792 2481 eos
817 2447 927 2481 adorti
954 2453 1042 2492 sunt,
1070 2452 1105 2481 et
1127 2451 1248 2492 sponte
1263 2457 1324 2479 sua
1339 2446 1532 2479 delabentes
1547 2455 1589 2477 ex
1604 2443 1700 2487 equis

253 2492 479 2526 obtriverunt.
524 2492 639 2536 itaque
666 2493 850 2537 promiscua
873 2493 995 2526 caedes
1018 2497 1111 2534 erat,
1132 2503 1205 2526 cum
1228 2491 1282 2524 alii
1305 2491 1435 2534 gladiis,
1456 2489 1515 2523 alii
1539 2488 1660 2534 partim
1675 2499 1697 2521 n

253 2537 323 2571 suis
347 2538 468 2582 partim
492 2537 635 2572 hostium
652 2538 747 2582 equis
762 2538 1039 2571 interimerentur.
1086 2538 1182 2582 (51)
1204 2536 1411 2570 Antiochiam
1429 2545 1512 2569 vero
1527 2532 1699 2577 ingressis,

253 2586 424 2626 quotquot
447 2584 529 2626 fuge
553 2583 699 2617 evadere
724 2588 923 2627 potuerant,
947 2588 1096 2616 metuens
1121 2582 1292 2616 Zenobiae
1312 2581 1381 2614 dux
1394 2579 1531 2613 Zabdas
1550 2590 1594 2612 ne
1607 2578 1700 2611 forte

253 2627 452 2662 Antiocheni
474 2628 566 2662 cives
589 2628 721 2662 adversi
743 2628 860 2674 proelii
885 2629 974 2661 sama
994 2632 1155 2672 percepta
1186 2637 1264 2660 suos
1285 2625 1505 2665 invaderent,
1526 2627 1699 2667 repertum

254 2671 419 2707 hominem
443 2673 662 2714 semicanum,
686 2673 742 2718 qui
763 2673 892 2706 vultum
913 2673 1122 2717 speciemque
1145 2670 1357 2716 imperatoris
1370 2669 1513 2714 quodam
1527 2667 1626 2701 modo
1641 2677 1699 2701 re-

254 2717 347 2751 ferre
360 2717 545 2764 videretur,
568 2723 604 2754 et
627 2718 688 2754 tali
709 2719 866 2754 amictum
889 2718 1005 2753 habitu
1027 2718 1118 2763 quali
1142 2716 1356 2764 proeliantem
1377 2713 1590 2749 Aurelianum
1604 2722 1698 2747 usum
1755 2743 1760 2755 ἶ
