1812 3016
264 42 366 91 ‘422
514 35 516 37 ’
810 44 1170 88 REITEMEIERI

269 151 380 196 haud
398 153 621 191 consultum
638 166 723 191 esse
741 159 846 191 ratus
860 182 870 202 ‚
901 151 1009 204 apud
1031 151 1188 191 hostem
1212 158 1430 202 manserat,
1461 166 1551 192 cum
1571 154 1620 192 ab
1638 155 1714 192 At-

271 211 352 247 talo
372 223 476 247 nunc
497 211 603 260 pacis
625 211 816 261 interpres
835 209 886 247 ad
906 211 1125 248 Honorium
1146 210 1339 258 venisset,
1369 210 1419 247 iis
1434 222 1534 262 quae
1554 209 1605 248 ad
1622 224 1715 248 eum

271 265 457 308 mandata
475 265 667 314 habebat,
697 267 739 303 in
759 266 900 322 quibus
918 264 995 306 hoo
1015 273 1118 314 erat,
1151 265 1378 322 imperatori
1396 267 1439 302 in
1455 267 1584 307 insula
1605 267 1715 304 exuli

272 323 394 360 vitam
421 322 662 359 incolumem
687 323 796 370 fore,
826 321 868 358 id
900 334 1056 373 quoque
1085 320 1133 358 de
1163 334 1232 359 suo
1264 319 1428 369 adiecit,
1456 323 1647 372 postulari
1672 328 1716 364 ut

272 390 413 428 corpus
436 379 652 418 mutiletur.
709 379 831 428 legati
855 390 945 415 cum
968 379 1076 416 Iovio
1099 383 1288 415 venerant
1311 377 1477 426 Valens,
1507 375 1718 430 στρατηγός

272 433 457 483 ἑκατέρας
480 429 706 483 δυνάμεως,
733 435 935 475 Potamius
956 440 1158 485 quaestor,
1191 439 1228 470 et
1247 433 1442 480 Iulianus,
1471 435 1716 485 primloerius

271 491 526 527 notariorum.
584 491 704 536 Iovii,
736 491 805 541 qui
831 490 954 527 Attali
983 491 1167 540 patricius
1197 495 1380 537 vocatur,
1419 488 1652 540 dignitatem
1678 495 1717 527 et

273 546 448 583 officium
473 548 583 583 iussu
603 548 766 582 Honorii
789 552 926 583 nactus
946 546 1153 592 Eusebius,
1182 546 1428 595 praepositus
1445 547 1488 582 in
1507 552 1718 596 conspectu

272 602 519 652 imperatoris
549 602 596 638 ab
623 600 830 638 Allobicho
851 600 1066 638 trucidatus
1087 608 1158 638 est.
1189 599 1505 651 Olympiodorus.
1565 602 1614 638 cf.
1640 601 1718 639 So-

274 669 377 699 zom.
397 660 422 698 9
452 660 490 698 8.
520 658 576 694 R.
636 656 703 694 hie
719 658 909 694 nonnulla
927 656 1123 693 excidisse
1143 659 1332 706 suspicor.
1374 655 1504 694 discas
1522 655 1597 695 hoo
1616 669 1719 709 quo-

275 725 366 764 que,
398 714 431 749 si
451 726 651 763 compares
673 726 705 748 c.
718 715 742 753 9
762 726 820 763 pr.
841 713 915 749 ubi·
928 714 1081 750 lovium
1099 713 1296 763 legatione
1315 710 1367 748 ad
1383 714 1601 751 Honorium
1618 714 1720 751 mis*

273 782 365 813 snm
395 771 470 816 ait,
503 768 557 814 ὥς
585 769 800 819 (διεξῆλθον
824 766 916 819 ἤδη.
975 770 1084 820 atqui
1107 767 1149 805 h.
1170 769 1198 807 1.
1223 768 1375 819 legatos
1398 768 1447 814 ab
1469 770 1642 808 Honorio
1667 767 1719 805 ad

275 825 453 867 Attalum
489 827 628 863 missos
663 831 964 872 commemorat,
1004 825 1146 876 quibus
1182 825 1334 874 Iovius,
1373 825 1443 877 qui
1478 831 1564 865 tum
1595 825 1730 867 Attali>

275 880 496 931 praefectus
525 887 648 931 praet.
677 887 780 927 erat,
811 879 1025 930 respoudit,
1082 893 1242 920 necesse
1266 879 1371 921 adeo
1399 887 1457 918 est
1479 882 1634 920 lovium
1655 881 1720 918 vi·-

278 938 412 974 cissim
429 949 523 978 mox
544 938 718 986 legatum
736 936 786 972 ad
801 938 1019 976 Honorium
1037 938 1203 975 missum
1220 949 1319 978 esse.
1375 938 1417 973 in
1434 935 1507 975 hac
1522 931 1719 987 legatione

275 994 421 1029 iterum
451 992 623 1034 admittit
650 994 691 1028 in
722 994 899 1033 animum
920 992 1185 1042 proditionem
1201 992 1344 1040 Attali,
1375 999 1544 1031 tentatus
1565 993 1613 1029 ab
1635 994 1721 1030 Ho÷

275 1050 410 1094 norio,
439 1048 628 1100 Ὁνωρίρυ
649 1044 715 1093 διά
736 1064 856 1091 τινων
880 1045 1001 1093 αὐτόν
1023 1043 1294 1098 ὕπελθόντος,
1324 1060 1358 1085 c.
1379 1051 1427 1099 9,
1455 1060 1630 1103 moxque
1646 1060 1720 1100 pa·-

277 1104 360 1146 lani
380 1103 431 1140 ad
451 1107 533 1141 eius
552 1111 682 1155 partes
700 1106 852 1143 transit.
909 1105 969 1145 II.

388 1195 428 1233 p.
443 1182 522 1223 325
537 1196 574 1220 v.
589 1181 628 1222 5.
687 1181 952 1219 emendationi
970 1181 1201 1219 Leunolavii
1217 1182 1384 1232 legentis
1400 1178 1588 1234 χιλιάδων
1601 1179 1722 1219 fidem

277 1238 439 1288 praebet
458 1246 495 1275 et
515 1240 611 1274 ratio
631 1238 737 1288 ipsa,
769 1240 956 1289 quonlam
978 1234 1166 1290 μυριάδες
1185 1251 1343 1275 omnem
1363 1237 1526 1277 modum
1549 1237 1722 1275 excede-

279 1302 388 1341 rent,
419 1300 457 1331 et
486 1295 756 1331 testimonium
777 1295 985 1330 Sozomeni
1009 1296 1033 1334 9
1064 1295 1109 1342 8,
1140 1295 1208 1345 qui
1237 1300 1420 1345 quattuor
1444 1295 1555 1331 milia
1585 1307 1722 1331 eorum

277 1351 399 1387 fuisse
419 1351 589 1387 militum
607 1350 760 1397 scribit,
791 1351 939 1395 scilicet
955 1350 998 1397 ’ἐξ
1016 1345 1238 1403 α’ριθμούς,
1268 1362 1367 1409 quos
1384 1351 1568 1395 Zosimus
1585 1350 1629 1404 ’ἐξ
1648 1346 1722 1396 502-

277 1421 404 1464 γμαῐα
429 1407 615 1456 appellat·

390 1472 443 1516 ib,
466 1486 505 1510 v.
530 1477 592 1520 13.
652 1474 702 1513 of.
729 1473 885 1512 Sozom.
907 1475 933 1513 9
964 1474 1004 1516 8«

331 1548 334 1549 ’
389 1552 430 1589 p.
451 1542 531 1580 326
562 1554 600 1578 v.
626 1543 659 1580 1.
724 1540 915 1577 Constans
944 1545 1002 1576 est
1028 1539 1063 1576 is
1092 1539 1160 1591 qui
1195 1552 1229 1576 c.
1255 1541 1282 1579 7
1309 1539 1352 1575 ln
1375 1539 1551 1587 Africam
1579 1539 1723 1578 missus

279 1594 431 1643 fuerat,
469 1595 537 1635 καὶ
567 1592 622 1636 δι’
654 1595 796 1647 ἑτέρων
822 1594 866 1636 vd
895 1593 1105 1647 πρακτέον,
1125 1593 1386 1646 μηνύσαντος.
1442 1596 1547 1632 male
1575 1597 1724 1646 accepit
1783 1634 1791 1642 ,

278 1652 495 1702 interpres:
527 1665 618 1690 cum
634 1652 802 1694 Attalus·
810 1665 887 1701 per
908 1652 1008 1687 alios
1027 1650 1252 1696 indicasset,
1281 1651 1382 1703 quid
1396 1658 1490 1691 esset
1506 1651 1720 1702 agendum.

278 1706 402 1750 immo
432 1721 525 1751 vero
552 1709 709 1753 Attalus
743 1707 987 1752 declaravit,
1022 1719 1100 1756 per
1131 1706 1232 1749 ,allos
1263 1720 1385 1757 qaam
1408 1721 1485 1757 per
1519 1707 1724 1753 barbaros,

279 1761 324 1806 h.
347 1777 382 1800 e.
408 1763 577 1814 Gothos,
607 1778 692 1802 rem
711 1765 754 1800 in
774 1764 908 1804 Africa
930 1775 1014 1805 esse
1035 1761 1263 1813 gerendam.
1319 1763 1381 1804 H.

393 1841 446 1881 ib.
468 1855 507 1882 v.
529 1845 567 1883 8.
627 1842 813 1893 depulsus
844 1848 902 1878 est
931 1839 1138 1878 Alarichus
1167 1840 1215 1877 ab
1241 1840 1349 1881 urbis
1376 1841 1587 1882 Ravennae
1616 1841 1725 1879 obsi-

282 1893 420 1945 dione,
453 1898 788 1948 quemadmodum
806 1896 926 1938 tradit
944 1895 1231 1946 Philostorgius
1257 1898 1308 1937 12
1336 1899 1377 1937 3.

393 1973 446 2018 ib.
470 1975 595 2021 v.15.
661 1976 833 2021 Valens,
872 1974 920 2012 de
953 1987 1029 2032 quo
1063 1987 1149 2024 sup.
1182 1986 1215 2010 c.
1241 1975 1268 2014 7
1299 1979 1338 2009 et
1360 1974 1441 2010 iam
1467 1979 1578 2019 ante,
1616 1971 1641 2014 5
1670 1973 1725 2015 45

281 2032 367 2076 ταῖς
386 2031 586 2080 Αἰμιλίαις
607 2028 775 2074 πόλεσιν.
833 2044 864 2071 s.
886 2030 1097 2079 Αἰμιλίας,
1116 2027 1222 2081 'quae
1243 2040 1332 2065 cum
1352 2030 1510 2078 regione
1530 2029 1726 2065 Flaminia

281 2092 455 2124 veterem
476 2087 645 2122 Galliam
660 2094 832 2136 togatam
851 2087 1062 2127 constituit.
1120 2098 1157 2123 v.
1178 2083 1228 2120 ad
1243 2086 1364 2125 Notit.
1383 2087 1483 2135 Imp.
1500 2085 1589 2122 Oce.
1608 2097 1642 2120 c.
1657 2083 1725 2124 58.

281 2149 489 2191 praeerant
514 2144 562 2178 iis
584 2142 660 2178 duo
681 2143 926 2181 Consulares.
985 2142 1163 2193 Λίγγυας
1179 2153 1249 2190 pro
1266 2141 1420 2192 Λίγυας
1439 2142 1558 2177 etiam
1575 2141 1644 2178 alii
1662 2138 1726 2176 di-

281 2209 376 2234 xere
399 2199 582 2251 Ligures.
642 2211 680 2235 v.
701 2197 750 2234 ad
769 2198 904 2247 virgil.
924 2199 1023 2234 Aen.
1047 2201 1071 2238 7
1090 2209 1129 2246 p.
1154 2199 1230 2236 102
1249 2202 1278 2233 t.
1298 2199 1338 2237 3.
1394 2197 1454 2232 H.

394 2275 447 2312 ib.
472 2290 508 2312 v.
530 2276 598 2322 21.
659 2276 786 2311 aliena
813 2281 871 2311 est
898 2275 1100 2310 Britannia
1129 2274 1176 2309 ab
1202 2272 1277 2310 hoo
1295 2274 1403 2320 10003
1433 2286 1509 2310 neo
1527 2273 1725 2324 intelligas

284 2330 378 2382 qnid
396 2332 621 2382 imperatori
640 2330 689 2367 ad
709 2331 859 2366 bellum
879 2331 1015 2371 Italiae
1035 2331 1213 2365 Britanni
1236 2330 1441 2380 longinqui
1465 2330 1646 2366 utilitatis
1663 2329 1726 2365 af-

284 2388 407 2434 ferre,
439 2394 506 2424 aut
535 2399 611 2437 quo
640 2399 816 2436 unquam
838 2385 955 2422 modo
976 2387 1010 2421 is
1032 2385 1146 2421 urbes
1166 2386 1410 2434 provinciae,
1438 2387 1640 2422 Romanae
1661 2383 1726 2420 cli-2

286 2444 389 2478 ‹xioni
408 2444 487 2479 iam
505 2441 717 2479 subductae
738 2443 876 2491 suique
894 2442 989 2477 iuris
1010 2440 1158 2487 factae,
1190 2438 1383 2477 cohortari
1410 2442 1592 2491 potuerit.
1652 2452 1725 2476 ex-

285 2506 486 2549 pugnante
514 2496 698 2534 Al.11·icho
731 2498 940 2546 superioris
966 2496 1102 2533 ltaliae
1134 2496 1269 2543 urbes,
1300 2509 1414 2532 curae
1443 2508 1528 2532 esse
1551 2496 1727 2534 Honorio

287 2554 455 2595 debebat
474 2561 517 2591 ut
540 2554 734 2594 inferioris
754 2554 875 2603 partis
897 2552 1073 2589 civitates
1094 2557 1132 2587 et
1155 2550 1392 2590 cohortando
1418 2552 1621 2602 pretioque
1649 2550 1725 2588 sibi

287 2609 532 2647 conciliando
561 2611 602 2648 in
632 2607 709 2645 fide
738 2607 994 2645 confirmaret.
1051 2607 1186 2657 itaque
1216 2605 1267 2642 ad
1292 2608 1428 2643 Italiae
1450 2607 1566 2643 urbes
1593 2619 1639 2642 ea
1664 2619 1727 2644 res

286 2672 434 2715 spectat
446 2694 456 2714 ,
486 2678 558 2708 uec
574 2666 749 2722 paenitet
766 2676 839 2707 nos
857 2661 1085 2707 emendasse
1100 2664 1334 2719 Βρετπιανῇ,
1362 2668 1573 2719 praeeunte
1592 2660 1728 2705 Goelaq
